4709 6106
1470 604 1684 656 ΕΧΧΙΥ

1370 809 1489 856 nos
1537 813 1607 858 se
1656 788 2110 869 ostenderuntg
2162 801 2303 858 tum
2365 815 2520 862 vero
2575 799 2844 863 omnino
2874 795 3145 875 desunt,
3197 795 3405 866 donee
3431 821 3578 868 enm
3621 823 3791 870 anno
3821 814 3960 892 tan·—

1369 919 1519 988 dem
1568 919 1722 986 994
1770 920 2049 1010 (9063)
2116 919 2335 989 denno
2415 936 2758 1017 apparent,
2825 937 2890 992 et
2933 943 3156 1018 postea
3213 925 3440 1018 paullo
3489 924 3962 1021 frequentiores

1368 1087 1580 1157 nsque
1604 1063 1686 1130 ad
1718 1087 1961 1132 annum
2002 1065 2153 1132 393
2178 1066 2506 1158 (10095)
2540 1070 2866 1157 pertinent
2885 1113 2902 1142 ,
2942 1085 3087 1156 quo
3115 1063 3274 1132 lleki
3301 1066 3534 1132 urbem
3552 1067 3688 1153 jam
3713 1089 3958 1161 expug-

1370 1211 1696 1267 naverant.
1798 1197 2273 1291 Samerqandae
2329 1224 2365 1267 a
2419 1208 2858 1294 septentrione
2913 1202 2994 1270 ad
3047 1204 3328 1272 fluvium
3395 1204 3604 1272 Sihun
3653 1205 3812 1270 urba
3855 1206 3960 1271 el-

1372 1333 1739 1423 Schascb,
1786 1355 2007 1435 postea
2054 1343 2466 1424 Tasehkend,
2507 1347 2730 1435 jacuit.
2782 1347 3166 1441 Abu-lehaq
3191 1345 3492 1415 el-Fareei
3525 1339 3724 1409 modo
3750 1343 3958 1432 regio·

1369 1504 1517 1548 nem
1570 1483 1664 1546 sie
1710 1484 2108 1548 nominatam
2156 1484 2372 1558 novit,
2426 1481 2614 1567 cujus
2661 1483 2818 1548 urbs
2871 1486 3173 1573 primaria
3221 1474 3540 1550 Binketh
3573 1474 3726 1544 fuit.
3777 1475 3958 1554 Quae

1370 1611 1726 1706 appellatio
1770 1615 1963 1678 etiam
2024 1616 2092 1676 in
2146 1611 2423 1676 Reveraa
2473 1608 2919 1681 dirhemorum
2966 1612 3383 1705 quorundam
3435 1609 3956 1679 soh-schemium

1370 1765 1672 1848 apparet,
1720 1773 1935 1844 neque
1987 1749 2168 1818 aliud
2215 1749 2625 1846 quidquam,
2703 1779 2902 1847 quam
2965 1759 3184 1846 ipsum
3237 1751 3613 1828 el-Sehaseh
3667 1747 3984 1816 indicare„

1367 1890 1646 1960 videtur.
1749 1893 2079 1961 Abulseda
2132 1917 2285 1962 vero
2339 1919 2548 1963 arcem
2601 1894 3053 1963 el-Sehasehae
3103 1891 3383 1960 Binketh
3435 1896 3748 1959 nominat.
3821 1895 3955 1958 An-

1368 2058 1495 2102 nus
1543 2036 1691 2104 199
1739 2035 2019 2130 (814,5)
2071 2041 2319 2131 primus
2361 2045 2431 2107 in
2484 2039 2586 2107 his
2645 2043 2928 2107 occurrit
2978 2042 3230 2117 numia,
3304 2039 3421 2131 qui
3474 2047 3616 2102 tum
3665 2039 3804 2127 pari
3855 2057 3953 2100 ra-

1371 2181 1549 2242 tione
1621 2197 1695 2242 ae
1773 2171 2341 2268 aamerqandenaes
2409 2175 2588 2269 apud
2657 2199 2778 2242 noa
2847 2198 2985 2244 sese
3060 2172 3433 2241 ostendunt.
3545 2173 3702 2241 Plus
3756 2175 3953 2241 1420

1368 2321 1763 2395 examinavi,
1840 2319 1921 2382 iis
1991 2338 2121 2384 non
2183 2319 2571 2392 numeratis,
2653 2315 2773 2408 qui
2825 2313 3005 2379 urbis
3061 2306 3256 2377 modo
3302 2330 3543 2375 nomen
3595 2331 3674 2375 ex
3727 2313 3950 2375 inseri-

1367 2462 1592 2550 ptione
1638 2450 1970 2544 reliquum
2019 2458 2371 2518 servarunt.
2430 2446 2508 2512 In
2561 2466 2732 2510 anno
2783 2443 2931 2510 567
2965 2442 3241 2534 (977‚8)
3274 2438 3534 2506 tandem
3565 2440 3946 2508 subsistunt.

1367 2585 1443 2652 In
1484 2582 1607 2651 bae
1656 2585 1919 2674 regione
1962 2582 2101 2646 sine
2155 2576 2362 2644 dubio
2414 2573 2860 2669 quaerendum
2883 2585 2981 2640 est
3011 2570 3277 2641 Maden
3302 2571 3775 2659 el-Sckasck,
3825 2583 3867 2642 i.
3892 2603 3949 2645 e.

1366 2713 1662 2786 sodina
1700 2711 2284 2782 sehaschensis
2335 2710 2604 2778 fortasse
2632 2715 3021 2803 argentaria,
3071 2711 3187 2776 ubi
3238 2723 3301 2776 et
3346 2725 3604 2780 moneta
3655 2717 3948 2808 signaba-

1366 2864 1493 2919 tur.
1594 2849 1758 2916 Nam
1804 2848 1929 2915 hoe
1980 2869 2219 2915 nomen
2266 2853 2334 2915 in
2375 2848 2469 2914 12
2517 2845 2864 2926 dirhemis,
2912 2873 2970 2917 a.
3022 2851 3417 2923 180—218
3468 2859 3947 2953 (796—855),

1366 3001 1497 3053 tam
1554 2983 1975 3063 abbasidieis‚
2027 3007 2229 3077 quam
2302 2980 2660 3051 tahiridieis
2720 2982 2966 3055 lectum
3020 2999 3139 3056 est.
3241 2991 3320 3059 Ni
3374 2991 3570 3062 fallor
3624 2992 3798 3063 idem
3850 3009 3947 3065 eat

1366 3115 1582 3194 loeus,
1658 3121 1773 3213 qui
1830 3120 2098 3181 nomine
2177 3110 2441 3183 Muden
2488 3121 2532 3183 i.
2579 3138 2632 3183 e.
2692 3115 2978 3185 sodina
3056 3121 3350 3192 breviore
3428 3129 3496 3194 in
3572 3128 3944 3198 abbasidieo

1358 3260 1510 3325 anni
1554 3256 1698 3323 195
1753 3257 1959 3351 (810)
2024 3260 2366 3349 apparuit,
2433 3268 2500 3322 et
2545 3267 2764 3348 postea
2821 3262 2890 3325 in
2942 3258 3036 3325 14
3107 3262 3514 3332 samanidieis
3585 3292 3642 3333 a.
3694 3269 3940 3337 293—

1364 3394 1511 3461 340
1562 3353 2020 3479 (θοις-θεά)
2072 3394 2358 3460 obvenit.

1560 3548 1760 3615 Trans
1792 3584 1797 3593 ·
1831 3545 2144 3613 ditionem
2228 3548 2714 3619 sehasebensem
2788 3554 3146 3621 Puteum
3219 3561 3343 3623 sita
3410 3570 3537 3636 eat,
3613 3557 3944 3650 lapidibus

1360 3684 1660 3772 pretiosis
1712 3693 1780 3749 et
1822 3682 2104 3750 metallis
2156 3682 2506 3765 ditissima,
2558 3688 2744 3777 eujus
2777 3694 3001 3755 civitae
3029 3694 3364 3783 primaria,
3408 3693 3492 3757 ab
3524 3693 3941 3787 Abu-lshaqo

1358 3813 1664 3883 el-Faresi
1715 3814 2115 3903 Althsilretlt
2161 3835 2425 3900 vocata,
2504 3829 2768 3891 nomine
2831 3827 3109 3915 regionis
3159 3826 3298 3888 sine
3350 3819 3562 3889 dubio
3617 3820 3942 3889 indicatur

1358 3950 1427 4011 in
1480 3949 1529 4014 6
1581 3946 1893 4017 dirhemis
1944 3951 2387 4034 samanidicis‚
2437 3960 2552 4048 qui
2607 3980 2663 4024 a.
2716 3960 3114 4025 314-515
3169 3957 3444 4049 (9265)
3487 3959 3719 4051 signati
3767 3972 3938 4027 sunt.

1360 4088 1568 4177 Prope
1612 4082 1771 4151 fines
1844 4086 2280 4159 Turkestanae
2353 4100 2667 4164 orientem
2721 4120 2941 4165 versus
2991 4101 3148 4166 urbs
3193 4096 3454 4165 Uskend
3508 4122 3624 4165 seu
3674 4097 3939 4165 Uzkend

1357 4218 1521 4296 fuit,
1575 4241 1773 4310 quam
1826 4220 2096 4288 eandem
2150 4224 2463 4295 habemus
2509 4239 2711 4321 atque
2757 4224 3147 4299 Uschkend
3169 4228 3382 4308 illam,
3422 4234 3488 4295 in
3519 4248 3722 4295 numo
3755 4227 3937 4304 lleki,

1359 4354 1513 4419 anni
1564 4354 1713 4421 592
1768 4357 2124 4451 (10013),
2171 4360 2478 4429 obviam.'

1562 4508 1660 4575 Ex
1712 4508 1815 4577 his
1879 4518 2229 4606 provinciis
2280 4512 2530 4582 multae
2592 4521 2735 4583 viae
2797 4516 2882 4583 ad
2934 4540 3106 4585 mare
3179 4524 3508 4614 caspieum
3575 4518 3932 4595 ducebant,

1354 4648 1545 4734 cujus
1589 4660 1819 4740 portus
1863 4668 2105 4719 merces
2183 4651 2620 4743 accipiebant,
2698 4673 2868 4742 quae
2917 4678 2952 4719 a
3001 4660 3439 4748 septentrione
3495 4678 3610 4747 per
3657 4656 3930 4724 fluvium
