4709 6106
2989 603 3179 658 mv

696 797 805 866 lul
860 799 989 866 buo
1036 795 1517 866 deferebantur.
1590 793 1773 864 Cim
1801 794 1929 864 boc
1978 795 2259 864 fluvium
2292 793 2632 862 limum
2659 793 3074 872 habitabant,
3121 817 3276 888 gens

696 947 1093 1004 maestus-ae
1138 951 1527 1025 magnopere
1600 928 1871 1010 dedita,
1930 932 2118 1020 cnjus
2170 928 2490 1000 industria
2537 941 2605 997 et
2655 927 2880 998 studio
2929 933 3276 998 maximam

692 1075 937 1163 argenti
991 1071 1155 1144 vim,
1236 1090 1405 1160 quae
1453 1091 1570 1160 per
1634 1069 1963 1147 nussiam,
2040 1066 2449 1136 Germaniam
2499 1076 2567 1132 et.
2609 1064 2908 1132 Sueeiam
2957 1063 3274 1160 dispersu,

694 1203 1057 1274 identidem
1098 1231 1135 1274 e
1190 1217 1356 1274 terra
1402 1211 1689 1277 eruitur.
1772 1212 1841 1274 in
1888 1207 2219 1300 Europam
2264 1205 2516 1274 illatam
2587 1213 2913 1296 putamus.
3013 1202 3275 1295 Imperii

692 1363 919 1410 θοι-ιω
970 1340 1155 1410 sedes
1200 1347 1267 1410 in
1318 1340 1607 1436 Bulgbsr
1657 1342 1785 1411 suit
1840 1344 2039 1422 urbe,
2092 1363 2263 1436 quae
2306 1345 2376 1406 in
2425 1340 2717 1406 fluminis
2753 1334 2863 1402 ltil
2886 1335 3278 1428 septentrio-

691 1481 824 1550 nli
874 1489 1015 1576 ripa
1060 1485 1298 1572 jacuit,
1344 1495 1411 1551 et
1461 1483 1771 1551 binenon
1804 1478 1995 1546 valde
2019 1477 2267 1546 distans
2293 1474 2419 1542 alia
2446 1471 2608 1551 suit,
2651 1468 2906 1542 Salvae·
2930 1468 3276 1564 appellate,

693 1615 871 1686 unde
927 1609 1023 1686 12
1068 1619 1385 1698 dir-hemi,
1432 1645 1491 1686 a.
1542 1619 1693 1686 358
1736 1614 2065 1708 (949430)
2113 1619 2288 1692 cusi,
2340 1611 2428 1680 ud
2474 1633 2596 1680 nos
2642 1622 3092 1704 pervenerunt.

906 2101 1060 2167 Post
1109 2097 1236 2166 boc
1282 2102 1404 2165 iter
1456 2121 1569 2189 per
1612 2101 1815 2161 varias
1868 2096 2066 2161 urbes
2119 2091 2474 2162 monetales
2527 2105 2895 2186 peractum,
2942 2093 3076 2181 jam
3109 2098 3280 2161 viam

694 2235 885 2306 facile
934 2240 1236 2330 persequi
1292 2256 1670 2326 possumus,
1723 2256 1852 2324 qua
1908 2235 2096 2296 numi
2150 2228 2420 2309 diversi,
2472 2235 2756 2310 variante
2805 2245 3020 2301 tamen
3060 2240 3279 2329 copia,

698 2383 964 2456 iverint,
1014 2389 1401 2470 antequam,
1454 2372 1534 2440 ad
1589 2384 1804 2440 nostra
1859 2371 2080 2438 littora
2116 2369 2406 2452 advecti,
2452 2379 2519 2440 in
2559 2387 2724 2442 terra
2751 2397 3024 2442 suecana
3050 2375 3284 2467 sepeli-

698 2520 943 2576 rentur.
1047 2510 1123 2576 In
1173 2512 1420 2582 numis,
1469 2511 1624 2599 qui,
1674 2530 1803 2573 una
1861 2512 2139 2584 inventi,
2188 2507 2368 2574 brevi
2417 2521 2567 2600 post
2609 2533 2834 2580 eorum
2877 2507 2960 2576 ad
3003 2533 3124 2577 nos
3171 2509 3284 2579 ad-

697 2658 964 2714 ventum
1015 2639 1334 2710 reconditi
1388 2639 1727 2718 videntur,
1782 2640 1904 2707 iter
1954 2664 2178 2708 eorum
2226 2621 2342 2734 per
2397 2647 2585 2710 Asiae
2621 2645 2817 2712 urbes
2862 2647 3112 2737 optime
3143 2643 3283 2712 elu-

696 2787 819 2844 oet.
924 2775 1074 2854 Quo
1150 2776 1650 2864 propinquiores
1698 2765 1821 2834 hae
1867 2792 1944 2834 ex
1991 2793 2121 2835 una
2176 2781 2360 2862 parte
2406 2776 2565 2838 mari
2614 2775 2872 2864 caspico
2911 2775 3073 2840 sitae
3123 2777 3286 2854 sint,

698 2927 775 2970 eo
828 2903 1033 2989 major
1075 2923 1423 2967 numorum
1500 2899 1874 2995 frequentia
1956 2895 2343 2996 pierumque
2391 2905 2484 2972 fit.
2587 2905 2662 2973 In
2710 2905 3289 2978 Ms-vers-el-nahr

695 3031 959 3101 tandem
1011 3053 1321 3100 numerus
1372 3031 1589 3099 evadit
1643 3033 1983 3102 maximus.
2092 3035 2231 3103 Huc
2282 3043 2454 3105 enim
2493 3043 2632 3108 viae
2655 3038 3080 3113 decurrerunt
3105 3051 3292 3117 Asiae

697 3167 1019 3244 diversae,
1071 3165 1323 3257 quibus
1375 3186 1616 3231 meroes
1669 3168 1735 3231 in
1784 3190 1959 3233 mare
2010 3174 2337 3261 caspicum
2390 3168 2876 3256 deferebantur;
2947 3180 3086 3247 huc
3133 3182 3290 3253 Bul-

698 3297 876 3389 ghari
933 3296 1367 3375 advenerunt,
1448 3308 1513 3363 et
1582 3312 1917 3391 argentum
1978 3300 2060 3366 ab
2142 3304 2221 3369 iis
2274 3305 2343 3369 in
2407 3266 2708 3374 Russiam
2757 3322 3121 3401 portatum,
3177 3338 3294 3405 per

699 3426 971 3523 flumina
1016 3424 1307 3517 denique
1355 3431 1421 3493 in
1486 3430 1777 3519 regiones
1845 3426 2163 3495 baltbieas
2230 3453 2524 3523 sparsum
2576 3446 2690 3500 est.
2793 3436 2962 3504 Gens
3016 3436 3127 3504 illa
3177 3438 3290 3505 ad·

708 3563 977 3631 modum
1061 3565 1191 3633 suit
1276 3564 1525 3665 seduia,
1631 3567 1997 3661 Geograpbi
2075 3571 2364 3637 Arabum
2441 3570 2622 3639 haud
2690 3543 2975 3643 raro‘de
3021 3584 3292 3645 catervis

704 3704 963 3757 narrant
1016 3703 1448 3757 mercatorum
1509 3689 2017 3783 Bulgbarorum,
2078 3717 2248 3786 quae
2293 3720 2409 3787 per
2455 3698 2894 3770 Kharizmiam
2945 3708 3014 3771 in
3070 3706 3292 3773 Sama-

703 3828 1006 3893 nidarnm
1060 3831 1409 3920 imperium
1475 3828 2087 3919 proficiscebantur,
2172 3830 2255 3897 de
2304 3835 2581 3899 navibus
2634 3858 2859 3903 eorum
2907 3844 3292 3925 innumeris,

702 3988 877 4031 mare
938 3969 1267 4057 esspicum
1323 3970 1982 4061 transnavigantibus,
2062 3996 2231 4063 quae
2280 3994 2520 4039 meroes
2574 3984 2887 4045 terrarum
2934 3981 3296 4051 borealium

700 4092 1138 4173 advehebant,
1218 4101 1567 4188 praecipue
1640 4109 1848 4163 vestes
1930 4098 2075 4165 illas
2128 4100 2469 4192 pelliceas,
2547 4130 2711 4196 quas
2761 4132 2919 4176 usus
2986 4114 3293 4183 mirificus

704 4238 883 4303 omni
942 4234 1191 4301 Orienti
1272 4234 1429 4303 fecit
1502 4242 1903 4305 necessarias.
2006 4240 2071 4306 Si
2128 4247 2259 4309 vim
2306 4246 2448 4310 auri
2506 4259 2574 4312 et
2617 4253 2862 4341 argenti
2917 4254 3293 4320 immensam

706 4371 1249 4452 consideraveris,
1298 4398 1499 4465 quam
1552 4377 1634 4444 ab
1690 4383 2157 4473 antiquissimis
2216 4385 2369 4454 inde
2416 4394 2818 4483 temporibus
2848 4405 3010 4460 terra
3035 4400 3296 4488 retegit,

708 4507 861 4573 hinc
917 4513 985 4575 in
1038 4506 1369 4603 Europam
1444 4510 1725 4598 illatam,
1790 4516 1981 4588 facile
2050 4520 2338 4603 videbis,
2417 4524 2614 4618 quale
2687 4538 2753 4593 et
2800 4540 3122 4619 quantum
3176 4527 3299 4594 hoc

708 4643 907 4712 suerit
952 4656 1440 4719 commercium.
