4709 6106
3042 629 3312 687 tum

826 821 947 880 tim
998 815 1083 880 ab
1134 817 1322 880 initio
1370 819 1693 907 comperi,
1756 811 2071 894 aliorum,
2143 837 2315 907 quae
2359 820 2643 894 inerant,
2698 815 3162 910 explicationes
3212 827 3407 890 nimis

828 947 1328 1042 perfunctorias,
1411 953 1715 1016 scientiae
1790 946 2227 1041 progredienti
2280 951 2550 1018 minime
2597 951 2991 1034 satisfacere3
3067 960 3159 1036 ob
3209 983 3407 1056 quam

827 1111 961 1180 rem
1016 1086 1349 1155 involucra
1401 1107 1753 1155 numorum
1828 1086 2031 1174 abjeci
2109 1096 2176 1153 et
2255 1090 2520 1178 proprio
2605 1099 2804 1156 marte
2857 1111 3082 1159 omues
3133 1102 3402 1164 omniuo

830 1248 1001 1294 novo
1068 1223 1315 1310 subjeci
1392 1227 1692 1292 examini.
1790 1223 2021 1314 Neque
2068 1219 2197 1288 hoc
2245 1245 2283 1288 a
2333 1244 2437 1288 me
2492 1235 2859 1317 arroganter
2915 1225 3167 1296 dictum
3218 1244 3407 1323 putet

832 1362 1089 1456 aliquis.
1192 1363 1609 1450 Quicumque
1650 1359 2137 1426 numismaticae
2181 1353 2476 1422 orientali
2523 1361 2814 1426 animum
2861 1361 3212 1430 attenderit
3256 1361 3409 1432 dili·

830 1505 1221 1595 gentiorem,
1270 1520 1422 1564 sane
1466 1494 1749 1574 videbit,
1800 1496 2259 1585 experientiam
2313 1494 2381 1557 in
2435 1493 2553 1558 hac
2604 1517 2680 1560 re
2722 1502 3034 1591 optimam
3087 1523 3224 1568 esse
3271 1524 3406 1568 ma.

832 1641 1095 1730 gistrum
1144 1631 1519 1722 multasque
1565 1653 1665 1697 res
1714 1629 1869 1698 huic
1920 1631 2123 1692 inesse
2173 1623 2589 1720 disciplinae,
2638 1643 2802 1721 quas
2843 1651 2974 1694 non
3035 1634 3158 1697 nisi
3221 1654 3410 1698 accu-

832 1780 966 1836 rata
1018 1769 1299 1835 Orientis
1377 1770 1660 1858 cognitio
1734 1760 2079 1855 explanare
2132 1765 2351 1853 possit.
2452 1763 2512 1830 ls
2575 1765 2772 1856 igitur
2821 1764 3057 1831 bonam
3109 1763 3407 1836 laudabit

833 1899 1272 1976 voluntatem,
1324 1901 1571 1966 etiamsi
1625 1919 1697 1962 ea
1748 1919 1864 1987 spe
1913 1892 2245 1961 exciderit.
2292 1949 2309 1970 ,

1042 2167 1234 2226 Anno
1294 2158 1484 2224 1846
1556 2159 1807 2248 regium
1859 2158 2331 2246 antiquitatum
2381 2178 2678 2224 museum
2731 2169 2794 2224 et
2845 2180 2998 2224 cum
3049 2182 3126 2228 eo
3175 2182 3408 2226 numo·

836 2295 1216 2390 phylacium
1269 2299 1337 2360 iu
1385 2315 1581 2358 novas
1634 2288 1819 2358 aedes
1871 2289 2249 2358 translatum
2304 2304 2435 2372 est,
2485 2305 2549 2360 et
2594 2295 2681 2360 ita
2735 2293 2998 2362 demum
3051 2294 3241 2362 licuit
3267 2295 3405 2365 the—

836 2455 1099 2500 saurum
1165 2429 1481 2505 cuficum,
1558 2415 1633 2492 u‘t
1706 2424 1960 2500 decuit,
2034 2394 2399 2521 disponeie.
2500 2431 2851 2521 Postquam
2909 2431 3204 2500 Holmiae
3255 2457 3407 2501 eum
3460 2481 3468 2493 .

840 2568 1057 2636 denuo
1108 2571 1651 2640 examinaveram,
1728 2560 1881 2653 plus
1962 2564 2160 2628 7000
2212 2584 2446 2628 numos
2483 2563 2616 2650 jam
2663 2564 2970 2631 collectos
3000 2550 3193 2643 ἱνίἀί,
3242 2591 3410 2659 quos

840 2707 905 2770 in
958 2701 1190 2770 classes
1248 2721 1579 2793 quemque
1627 2720 1811 2764 suam
1861 2693 2114 2790 redegi,
2194 2719 2498 2788 magnum
2562 2697 2876 2765 similium
2923 2723 3266 2769 numerum
3309 2727 3412 2770 se-

836 2840 1071 2931 paravi·
1105 2849 1169 2902 et
1227 2827 1549 2927 sepniatos
1605 2838 1671 2898 iu
1751 2830 2031 2898 indicem
2116 2827 2309 2895 retuli
2391 2837 2772 2924 proprium,
2846 2832 3200 2928 fragmenta
3269 2859 3401 2902 nou

840 2974 1073 3041 idonea
1124 2985 1189 3040 et
1238 2967 1531 3061 exempla
1583 2967 1953 3036 oblitterata
2005 2975 2151 3063 igne
2183 2965 2536 3046 damnavi,
2599 2967 2886 3064 reliquos
2937 2993 3089 3038 vero
3139 2994 3412 3038 numero

841 3116 1096 3177 circiter
1154 3107 1346 3174 1600
1418 3112 1485 3174 in
1556 3110 1826 3173 armario
1878 3104 1959 3171 ad
2015 3103 2083 3169 id
2133 3101 2305 3172 sacto
2358 3108 2479 3171 rite
2528 3103 2842 3173 collocavi
2898 3119 2963 3177 et
3012 3107 3409 3203 catalogum,

846 3270 1046 3339 quem
1098 3266 1273 3311 nunc
1328 3241 1551 3313 lectori
1606 3240 1922 3311 benevolo
1972 3238 2191 3317 trad0,
2237 3262 2459 3331 parare
2511 3244 2742 3337 incepi.
