4709 6106
1486 611 1746 664 uxnv

2267 991 2602 1067 nano
2665 937 3072 1084 open-lo.
3185 1098 3192 1118 .

1586 1245 1803 1325 Quem
1854 1253 1919 1312 in
1972 1246 2097 1313 boc
2142 1245 2314 1314 libro
2369 1243 2745 1313 adornando
2821 1254 3080 1311 secutus
3151 1265 3293 1310 sum
3375 1243 3704 1329 ordinem,
3788 1248 3957 1316 idem

1379 1392 1511 1458 eat,
1556 1405 1755 1474 quem
1807 1382 2146 1448 FnAEmsz
2192 1380 2337 1460 ille,
2389 1405 2683 1452 summus
2734 1383 2963 1451 barum
3022 1407 3244 1451 rerum
3298 1385 3568 1462 arbiter,
3623 1390 3690 1450 in
3739 1407 3957 1452 recen·

1378 1483 1559 1582 sione
1612 1539 1733 1582 sua
1785 1516 1989 1585 Musei
2042 1523 2283 1584 asiatici
2332 1517 2794 1612 petropolitani
2841 1518 3211 1610 adoptavit,
3253 1531 3318 1585 et
3369 1541 3504 1611 quo
3533 1517 3797 1585 nullum
3824 1543 3958 1586 me-

1379 1648 1607 1717 liorem
1662 1653 1948 1719 invenire
1998 1659 2207 1746 potui.
2313 1654 2505 1722 Deest
2572 1651 2849 1748 quidem
2917 1652 3071 1719 huic
3124 1674 3392 1742 quoque
3440 1649 3732 1745 catalogo
3777 1675 3954 1719 com·

1378 1791 1764 1865 mentarius,
1808 1810 1946 1879 quo
1997 1797 2063 1853 et
2108 1787 2336 1856 utilius
2388 1788 2568 1856 fieret
2619 1785 2750 1854 tale
2798 1807 2966 1876 opus
3011 1795 3078 1848 et
3140 1781 3408 1849 sortasse
3463 1782 3767 1850 lectorem
3825 1809 3958 1850 ma·-

1380 1925 1475 2011 gis
1522 1920 1831 1990 alliceret.
1931 1929 2018 1988 At
2068 1928 2183 2015 qui
2234 1924 2398 1990 bene
2447 1925 2731 2000 noverit,
2780 1925 3006 2011 quanti
3065 1920 3348 1986 ambitus
3373 1923 3738 2010 quantique
3771 1918 3954 1986 labo-

1377 2060 1463 2120 ris
1509 2067 1575 2120 et
1621 2052 1822 2121 studii
1866 2060 1951 2118 sit
2000 2050 2317 2140 ejusmodi
2397 2049 2711 2144 prolixior
2783 2049 3167 2144 explicatiO,
3242 2059 3296 2120 is
3343 2076 3474 2119 non
3526 2076 3710 2146 aegre
3754 2051 3948 2130 feret,

1374 2187 1599 2267 credo,
1656 2213 1759 2256 me
1837 2195 2122 2282 primum
2196 2201 2615 2255 monumenta
2693 2193 2829 2280 ipsa
2903 2186 3122 2279 qualia
3175 2198 3327 2254 sunt
3380 2188 3714 2282 evulgasse
3764 2202 3829 2256 et
3882 2196 3948 2255 in

1372 2323 1556 2392 aliud
1631 2338 1895 2417 tempus
1968 2321 2192 2393 eorum
2268 2323 2598 2391 distulisse
2653 2321 3175 2390 illustrationem.
3279 2323 3424 2388 Non
3480 2329 3696 2389 omnia
3753 2330 3946 2391 etiam

1370 2485 1546 2528 nune
1612 2461 1850 2528 adsunt
1920 2459 2340 2538 documenta,
2423 2460 2664 2552 quibus
2733 2457 2814 2524 ad
2863 2457 3059 2525 talem
3114 2464 3723 2524 commentationem
3776 2475 3948 2526 recte

1369 2594 1730 2664 faciendam
1784 2619 1949 2686 opus
1998 2601 2137 2662 erit.
2242 2593 2492 2662 Multae
2541 2592 2756 2659 adhuc
2828 2605 3068 2659 restant
3111 2599 3265 2658 varii
3320 2597 3568 2684 generis
3617 2597 3944 2683 quaestio-

1370 2756 1515 2808 nes,
1569 2732 1701 2797 huc
1736 2789 1741 2798 .
1778 2735 2205 2822 pertinentes,
2284 2727 2664 2808 solvendae,
2743 2742 3090 2821 antequam
3161 2736 3227 2796 in
3279 2729 3405 2795 boc
3457 2749 3686 2818 campo
3740 2725 3944 2794 libere

1373 2879 1640 2962 vagetur
1690 2870 2037 2959 interpreS,
2092 2881 2155 2934 et
2209 2879 2463 2933 tantum
2519 2866 2728 2945 abest,
2782 2877 2856 2928 ut
2903 2865 3169 2931 historia
3219 2871 3440 2939 Asiae,
3493 2887 3662 2954 quae
3688 2862 3824 2929 sola
3875 2867 3944 2929 in

1365 3002 1488 3069 bae
1536 3027 1603 3071 re
1654 3026 1771 3070 nos
1824 3003 2104 3093 fideliter
2155 3001 2393 3069 ducere
2443 3007 2677 3094 possit,
2744 3025 2820 3067 ex
2873 3003 3175 3067 omnibus
3238 3001 3530 3093 partibus
3590 3002 3777 3068 nobis
3830 3028 3941 3097 pa-

1364 3150 1529 3216 teat,
1580 3152 1655 3204 ut
1704 3137 1882 3204 haud
1942 3141 2162 3231 paucis
2208 3138 2459 3206 laboret
2528 3144 2721 3206 vitiis.
2829 3139 3035 3217 Quem
3097 3139 3178 3205 ad
3228 3137 3497 3204 modum
3553 3144 3618 3204 in
3670 3140 3942 3232 reliquis

1366 3272 1648 3339 Orientis
1706 3271 1971 3349 litteris,
2050 3278 2141 3337 sic
2192 3272 2296 3337 hic
2348 3296 2616 3365 quoque
2674 3297 2849 3340 nunc
2905 3282 3214 3367 temporis
3275 3294 3580 3368 praestat,
3627 3282 3940 3374 reliquias

1362 3413 1765 3502 antiquitatis
1836 3435 1965 3503 qua
2049 3434 2391 3501 possum-us
2468 3407 2801 3501 diligentia
2862 3408 3165 3502 colligere
3215 3424 3280 3478 et
3329 3415 3632 3483 collectas
3684 3417 3934 3509 publici

1356 3548 1522 3632 juris
1575 3542 1813 3620 facere,
1894 3568 2093 3635 quam
2161 3545 2586 3636 opinionibus
2657 3554 2721 3608 et
2797 3544 3062 3630 judiciis
3136 3546 3362 3617 alienis
3412 3577 3545 3619 rem
3597 3554 3933 3619 obscuram

1359 3681 1801 3746 obscuriorem
1857 3683 2047 3743 etiam
2102 3676 2388 3743 reddere.

1559 3882 1643 3947 Ut
1690 3887 1823 3973 ipsa
1875 3881 2023 3948 libri
2078 3889 2410 3977 inscriptio
2459 3885 2735 3963 indicat,
2789 3885 2898 3951 hic
2952 3888 3280 3979 catalogus
3332 3890 3495 3967 nihil
3552 3893 3928 3985 complecti-

1359 4019 1494 4084 tur,
1544 4012 1664 4073 nisi
1723 4015 1787 4073 in
1847 4011 2067 4076 Suecia
2116 4012 2186 4077 id
2235 4011 2436 4079 fuerit
2491 4019 2846 4079 inventum.
2953 4015 3174 4093 Quum
3233 4039 3381 4080 vero
3442 4022 3506 4080 in
3561 4020 3929 4107 numopby-

1356 4142 1522 4210 lacio
1561 4142 1732 4209 idem
1783 4152 2123 4211 armarium
2170 4169 2394 4212 omnes
2451 4153 2774 4213 contineat
2818 4172 3049 4214 numos
3089 4146 3460 4223 orientales,
3513 4170 3730 4239 neque
3753 4171 3929 4215 com-

1356 4280 1627 4344 modum
1676 4285 1885 4344 visum
1937 4280 2131 4347 suerit
2196 4306 2303 4348 eos
2369 4308 2404 4347 a
2456 4288 2681 4349 ceteris
2755 4307 3082 4373 separare,
3165 4287 3281 4377 qui
3334 4310 3409 4350 ex
3459 4292 3691 4350 exteris
3742 4292 3925 4352 terris

1350 4420 1479 4480 sint
1533 4413 1728 4491 illati,
1788 4440 1871 4480 ne
1925 4430 2309 4507 conspectus
2368 4424 2662 4483 omnium
2717 4420 3052 4481 universus
3120 4420 3313 4481 nimis
3373 4417 3774 4492 turbaretur3
3830 4424 3930 4482 in-

1348 4547 1605 4614 terdum
1661 4547 1903 4613 factum
1963 4561 2092 4628 est,
2146 4564 2221 4616 ut
2287 4556 2478 4617 series
2528 4574 2875 4616 numorum
2932 4550 3284 4644 aliquando
3342 4564 3750 4644 rumperetur
3801 4576 3924 4618 nu-

1350 4688 1659 4749 mismatis
1709 4686 2046 4752 extraneis.
2153 4684 2351 4772 Cujus
2394 4692 2484 4752 rei
2531 4687 2825 4779 exempla
2870 4688 3067 4755 habes
3102 4694 3167 4758 in
3195 4712 3378 4781 pagg.
3438 4687 3560 4767 15,
3618 4689 3748 4768 22,
3803 4689 3921 4766 24,
