4709 6106
3175 601 3186 623 ·
3197 579 3434 638 ssiu!

944 773 1305 844 industriae
1376 795 1608 868 opera,
1696 783 2091 850 mercatura,
2170 793 2341 864 quae
2415 773 2484 836 in
2553 764 2744 836 hellis
2795 766 3024 836 florere
3063 787 3202 836 non
3273 774 3521 858 potent,

946 913 1159 979 omnia
1206 913 1479 981 cenavit
1530 908 1633 981 vol
1690 913 1757 979 in
1812 907 1971 978 alias
2026 912 2304 999 ingram
2363 913 2464 974 out
2510 905 2682 984 vias,
2753 915 2854 982 et,
2925 898 3112 994 quod
3162 898 3384 970 adhue
3434 903 3530 964 vi-

944 1055 1209 1138 guerat,
1264 1049 1431 1114 inter
1486 1044 1819 1114 Orientem
1872 1055 1938 1112 et
1978 1040 2406 1112 Occidentem
2451 1044 2918 1110 commercium
2957 1039 3236 1132 quievit.
3301 1039 3529 1132 Neque

950 1182 1225 1252 ulterius
1270 1181 1721 1275 expeditiones
1766 1185 1833 1248 in
1879 1183 2073 1249 Asiae
2114 1180 2275 1250 fines
2312 1181 2858 1273 suscipiebantur.
2919 1181 3130 1248 Duces
3173 1182 3382 1257 enim,
3415 1177 3534 1246 do-

952 1318 1040 1380 mi
1095 1318 1230 1379 anis
1284 1314 1479 1382 rebus
1529 1313 1867 1405 occupati,
1922 1313 1988 1376 in
2030 1307 2189 1376 alias
2236 1323 2448 1402 partes
2493 1334 2666 1378 arma
2717 1321 3092 1378 convertere
3117 1311 3534 1406 cogebantur.

948 1457 1185 1527 seculo
1236 1457 1331 1524 xl
1388 1479 1453 1547 p.
1498 1454 1647 1524 Chr.
1694 1456 1962 1523 ineunte
2015 1453 2246 1522 Oriens
2292 1451 2492 1517 etiam
2537 1461 2870 1542 aspectum
2918 1451 3219 1542 praebuit
3249 1449 3532 1516 tristissi-

949 1601 1167 1660 mum:
1252 1593 1407 1659 Post
1458 1591 1901 1661 Khorasanam
1974 1604 2040 1661 et
2096 1616 2245 1660 mox
2294 1601 2504 1658 totum
2560 1589 2890 1656 Iiekornm
2938 1614 3210 1684 regnum
3262 1603 3302 1656 a'
3352 1588 3535 1658 nah-

950 1715 1153 1784 mndo
1204 1711 1595 1810 ghaznevida
1646 1726 2129 1808 expugnatum,
2189 1721 2361 1782 viam
2432 1728 2825 1784 mercaturae
2876 1725 2943 1782 et
2993 1719 3378 1784 commercio
3431 1739 3535 1783 so-

949 1851 1135 1918 litam
1187 1849 1363 1918 bella
1413 1849 1835 1929 clauderunt,
1894 1863 1961 1920 et
2008 1851 2392 1928 seditiones,
2447 1863 2597 1944 post
2651 1865 2925 1919 mortem
2978 1849 3158 1918 illius
3191 1851 3528 1920 Mahmudi

948 1999 1238 2067 exortae,
1289 1984 1616 2055 tumultus
1668 1999 1733 2053 et
1770 1983 2164 2054 calamitates
2208 1987 2460 2080 ubique
2484 1999 2782 2054 crearunt
2805 1985 3226 2054 foedissimas.
3285 1991 3534 2056 Interea

948 2122 1372 2214 Seldjnkidae
1423 2145 1603 2190 more
1654 2123 2007 2189 'furcarum
2060 2119 2230 2188 ferro
2282 2133 2348 2188 et
2389 2122 2535 2214 igne
2559 2127 2773 2190 Asiam
2803 2125 3140 2191 vastabant
3171 2129 3532 2194 citeriorem

948 2275 1149 2352 atque
1190 2258 1421 2327 ultima
1476 2261 1760 2348 cujusvis
1806 2261 1961 2322 artis
2014 2266 2079 2322 et
2139 2253 2362 2321 cultus
2410 2253 2719 2324 delebant
2759 2259 3042 2350 vestigia.
3099 2259 3212 2326 His
3233 2267 3537 2340 accessit,

950 2397 1133 2493 qnod
1185 2398 1741 2473 christianismus,
1793 2395 1919 2462 hoc
1970 2393 2105 2463 fere
2157 2407 2451 2487 tempore
2497 2397 2562 2457 in
2615 2391 2842 2457 Sueeia
2894 2392 3255 2475 stabilitus,
3309 2359 3533 2463 omnes

951 2557 1050 2602 res
1096 2544 1227 2598 tam
1281 2527 1579 2624 publicas
1630 2552 1830 2622 qnam
1880 2529 2159 2620 privatas
2200 2540 2448 2596 mutare
2475 2532 2751 2622 incepit,
2797 2542 3153 2597 mercatura
3189 2529 3345 2596 alias
3389 2535 3538 2597 iniit

952 2673 1123 2747 vias,
1199 2663 1644 2760 expeditiones
1716 2663 2175 2756 Wikingarum
2256 2660 2626 2741 desierunt,
2701 2673 2766 2729 et
2845 2675 3103 2730 moneta
3149 2669 3410 2758 propria
3469 2670 3536 2730 in

952 2802 1177 2869 Suecia
1224 2803 1469 2893 signata
1518 2808 1636 2864 est.
1738 2797 1885 2864 Non
1943 2796 2144 2884 hujus
2222 2809 2320 2864 est
2390 2801 2759 2892 scriptionis
2829 2803 2896 2864 in
2953 2821 3209 2868 caussas
3269 2807 3533 2893 penitus

955 2941 1315 3028 inquirere,
1385 2933 1635 3025 quibus
1703 2935 1974 3024 pecunia
2040 2929 2325 2999 Orientis
2376 2932 2508 2998 hnc
2557 2933 2642 2999 sit
2718 2938 3003 3014 invecta3
3089 2959 3192 3003 eas
3259 2943 3535 3003 summis

956 3069 1144 3138 lineis
1196 3066 1515 3136 indicasse
1564 3066 1677 3132 fini
1732 3068 2070 3159 proposito
2116 3068 2421 3150 sufficiat,
2472 3094 2681 3164 quum
2732 3068 2842 3137 alii
2889 3094 3022 3139 non
3046 3070 3330 3153 deerint,
3386 3078 3537 3166 qni,

957 3206 1396 3272 monumentis
1450 3203 1757 3269 omnibus
1808 3202 1937 3269 huc
1988 3206 2464 3295 pertinentibus
2511 3213 2789 3303 cognitis
2837 3221 2905 3277 et
2955 3212 3079 3277 rite
3125 3213 3534 3289 examinatis,

953 3339 1121 3405 hanc
1175 3360 1311 3403 rem
1364 3333 1793 3427 explicabunt
1842 3332 2344 3428 gravissimam.¹

958 3631 1021 3691 Ι)
1092 3630 1247 3683 Bane
1276 3630 1551 3681 materiem
1588 3628 1803 3681 uben-iun
1838 3636 2124 3682 tractatam
2180 3632 2353 3686 lector
2415 3634 2701 3688 Benevolna
2736 3634 2970 3686 inveniet
3005 3637 3059 3687 in
3096 3637 3536 3687 commentatione

1092 3734 1233 3776 mea,
1269 3731 1425 3785 qnam
1481 3712 1587 3765 Oai
1621 3712 1686 3765 de
1734 3716 1758 3765 ι’
1803 3712 2007 3768 Svmk
2029 3712 2162 3787 jord
2190 3716 2358 3787 {une
2395 3708 2779 3771 oster-lindum
2813 3729 2961 3789 aig-nt
2996 3722 3338 3791 inscriptam,
3385 3723 3540 3774 Aea-

1084 3802 1291 3853 demiae
1322 3800 1626 3853 litterar-m
1661 3798 2056 3862 hunnici-an.
2093 3801 2356 3856 historiae
2391 3811 2446 3857 et
2477 3805 2860 3875 antiquitatum
2895 3805 3176 3860 holmienai
3209 3805 3446 3876 nauh-i,
3479 3816 3534 3858 et

1091 3888 1145 3937 in
1182 3885 1336 3955 eajna
1374 3885 1510 3937 aetia
1546 3902 1607 3937 ea
1646 3860 2036 3955 publicabit-‘n
