4709 6106
1392 592 1556 644 nvn!

1297 779 1491 842 etiam
1558 771 2000 852 zmmnnu·
2061 771 2449 839 numismata
2508 765 2689 862 apud
2752 790 2873 838 nos
2924 782 3097 839 sunt.
3201 769 3281 838 Hi
3347 767 3661 858 Diardjan
3682 820 3701 846 ,
3765 771 3883 840 Ta·

1298 910 1582 976 heristan
1635 910 1848 1006 iisque
1887 910 2132 974 vicinas
2181 908 2549 997 provincias
2598 931 2718 1000 per
2766 918 3013 1000 partem
3062 905 3267 976 seculi
3300 912 3515 1000 quarti
3568 920 3634 976 et
3670 911 3887 1000 quinti

1299 1050 1475 1114 varia
1524 1044 1792 1114 fortuna
1851 1055 2190 1121 rexerunt,
2238 1041 2453 1112 donec
2518 1049 2851 1136 potentiae
2912 1042 3413 1112 succumberent
3480 1041 3893 1131 Buwejhide-

1305 1204 1472 1248 rum.
1578 1179 1828 1248 Unicus
1881 1176 2170 1254 dix-bem,
2237 1201 2272 1246 a
2341 1175 2705 1261 Bisturw,
2758 1184 2951 1248 tertio
3003 1179 3335 1268 dynastiae
3396 1185 3725 1275 principe,
3776 1187 3895 1276 qni

1306 1342 1360 1382 a.
1409 1317 1558 1384 556
1605 1316 1812 1406 (966)
1866 1314 2359 1408 Wsschmegiro
2410 1320 2579 1406 patri
2630 1330 3055 1398 successerat,
3106 1341 3299 1386 cneus
3351 1319 3573 1386 adhuc
3620 1326 3686 1388 in
3740 1321 3903 1388 Sue-

1310 1460 1408 1522 cia
1459 1463 1754 1546 repertus
1805 1465 1920 1520 est.
1977 1491 2068 1506 --
2131 1453 2308 1521 xlv.
2366 1454 2805 1535 Buwmnmm,
2856 1480 3145 1550 quornm
3201 1463 3473 1553 imperio
3526 1483 3755 1552 magna
3811 1462 3902 1525 A·

1307 1594 1438 1656 siae
1485 1591 1800 1656 citerioris
1853 1611 1998 1680 pars
2045 1584 2160 1681 p'er
2209 1587 2348 1660 duo
2398 1588 2537 1661 sere
2581 1592 2801 1662 secula
2860 1600 3116 1688 paruit,
3176 1595 3617 1690 frequentiora
3668 1608 3904 1690 poten-

1311 1747 1442 1807 tiae
1483 1737 1880 1806 documenta
1943 1733 2132 1799 nobis
2185 1728 2531 1806 dederunt.
2632 1731 2885 1798 Numos
2939 1731 3041 1798 32
3084 1729 3283 1817 hujus
3330 1727 3553 1796 classis
3596 1728 3731 1816 jem
3783 1751 3906 1794 nn-

1317 1893 1678 1944 mcrsmus‚
1745 1893 1801 1934 a.
1874 1865 2276 1934 520—401
2349 1865 2863 1957 (952-41011)
2933 1894 2969 1935 a
3044 1868 3331 1956 dynastis
3400 1881 3686 1964 quatuor
3746 1877 3905 1935 natu

1319 2009 1614 2074 maximis
1663 2025 1874 2070 cusos.
1932 2037 2032 2054 -·
2082 2001 2226 2068 XV.
2283 1999 2727 2078 flamonium,
2776 2004 2907 2070 sub
2954 2009 3227 2070 maxima
3259 2003 3465 2072 seculi
3494 2009 3713 2108 quarti
3765 2023 3908 2100 par·-

1316 2163 1382 2214 te
1435 2151 1504 2212 in
1556 2140 1930 2236 regionibus
1975 2134 2308 2205 Mawsilae
2366 2148 2433 2205 et
2498 2136 2733 2206 ualebi
2787 2142 3265 2232 imperitantes,
3331 2146 3399 2207 in
3454 2141 3545 2207 11
3602 2138 3911 2207 dirbcmis

1320 2284 1496 2350 obvii
1561 2293 1744 2360 sunt,
1816 2299 2100 2372 quorum
2172 2277 2268 2344 10
2337 2303 2373 2343 a
2427 2273 3017 2348 Nasir-el-daula
3080 2292 3146 2347 et
3208 2273 3719 2374 Setf-el-daula
3786 2276 3913 2345 sra-

1319 2423 1530 2488 trihus
1575 2443 1632 2486 a.
1685 2417 2090 2484 530—3156
2141 2413 2637 2508 (ou—96⁷),
2685 2439 2859 2484 nnus
2906 2429 3158 2496 sutem,
3210 2415 3479 2486 fortasse
3520 2421 3788 2493 unicus,
3829 2415 3912 2479 ab

1322 2562 1502 2631 illius
1532 2549 2292 2652 filiojAbu-Tagklabo
2343 2548 2855 2624 Fath-Allah
2886 2584 2939 2628 a.
2989 2564 3138 2631 560
3188 2565 3398 2652 (970,
3453 2563 3523 2652 1)
3574 2583 3787 2627 ausus.
3820 2595 3909 2612 ...-

1322 2697 1496 2765 xvl.
1551 2692 1855 2778 Dynastia
1886 2689 2484 2761 lunscmmnsnma,
2532 2709 2740 2778 quae,
2796 2701 2945 2781 post
2982 2695 3239 2784 triginta
3268 2703 3565 2785 quatuor
3596 2714 3913 2758 annorum

1323 2843 1390 2903 in
1446 2833 1625 2920 Syria
1675 2841 1744 2897 et
1795 2829 2076 2922 AEgypto
2105 2849 2414 2922 regnum,
2465 2849 2637 2895 anno
2677 2827 2939 2897 tandem
2980 2833 3128 2898 550
3176 2831 3388 2916 (968,
3436 2832 3510 2914 9)
3538 2851 3654 2922 per
3698 2829 3916 2916 Djew·

1323 2974 1595 3046 herum,
1669 2964 1903 3033 ducem
1969 2959 2679 3041 Mnizz-lidin-Allahi,
2736 2963 3019 3034 khalifae
3074 2965 3453 3052 satimitlici,
3519 2990 3735 3034 eversa
3786 2976 3917 3033 est,

1325 3108 1498 3176 duos
1553 3102 1748 3173 modo
1796 3120 2030 3167 numos
2095 3104 2162 3164 in
2229 3097 2457 3164 suecia
2510 3095 2744 3178 hahet,
2801 3098 3079 3167 alterum
3131 3124 3301 3167 anno
3366 3102 3515 3167 555
3577 3101 3789 3195 (944,
3842 3094 3917 3189 5)

1323 3272 1358 3309 a
1411 3228 1925 3313 Muhammede
1975 3224 2483 3313 eI-Ilrlzschid,
2536 3236 2747 3325 gentis
2796 3233 3166 3312 conditore,
3218 3231 3491 3300 alterum
3547 3258 3716 3302 anno
3768 3234 3917 3299 549

1323 3380 1408 3447 ab
1465 3366 2032 3465 Abu-I-Qasimo
2085 3366 2282 3453 hujus
2333 3366 2507 3445 filio,
2564 3390 2771 3436 cusos.
2838 3404 2938 3423 —
2983 3367 3190 3436 xvn.
3250 3372 3421 3439 Gens
3472 3377 3754 3448 turcica,
3806 3394 3918 3435 eu-

1322 3522 1428 3607 jus
1475 3536 1653 3607 reges
1715 3510 1936 3575 KnAm
1987 3505 2324 3591 luzxonuu
2388 3470 2920 3597 appellabantur,
2990 3528 3188 3601 regno
3239 3519 3563 3573 exuerunt
3622 3505 3919 3586 ,Samnni-

1329 3653 1476 3729 das‚
1525 3661 1590 3716 et
1641 3645 1796 3712 inde
1843 3668 1876 3709 a
1931 3635 2153 3707 seculo
2208 3650 2445 3732 quarto
2476 3656 2759 3711 exeunte
2814 3667 2927 3735 per
2976 3640 3245 3735 longum
3276 3647 3587 3735 temporis
3636 3645 3918 3732 spatium

1331 3794 1622 3883 regiones
1691 3792 2044 3848 tenuerunt
2127 3795 2563 3849 transoxanss.
2664 3780 2719 3845 E
2779 3781 2997 3842 numis
3054 3798 3277 3843 eorum
3350 3787 3477 3841 tres
3530 3786 3785 3839 tantum
3856 3778 3923 3836 in

1331 3893 1558 3992 Suecia
1611 3926 2068 3993 innotuerunt,
2134 3915 2218 3979 ab
2276 3907 2438 3979 Ilelr
2486 3905 2734 3987 Khan,
2788 3912 2903 4000 qui
2959 3929 3128 3973 anno
3181 3907 3329 3972 585
3377 3902 3587 3999 (995)
3642 3901 3921 3995 Baghera

1337 4061 1572 4129 Khano
1635 4052 1973 4130 suecessit,
2041 4052 2322 4143 praeusi.
2393 4084 2491 4101 -
2554 4046 2791 4111 xvlu.
2871 4040 3293 4119 Brun-OQAn„
3364 4064 3479 4107 seu
3547 4039 3921 4116 OQAmnAE,

1336 4197 1554 4263 tribus
1603 4192 1856 4257 arabica
1919 4183 2168 4261 valida,
2228 4205 2342 4275 per
2395 4182 2687 4249 Emit-um
2738 4203 2933 4247 suum
2982 4175 3416 4245 Abu-l-Daud
3466 4171 3923 4250 Muhammed‚

1333 4331 1452 4423 qui
1504 4348 1674 4393 anno
1725 4324 1874 4388 580
1929 4320 2131 4407 (990)
2197 4314 2558 4385 Mswsilatn
2621 4318 3052 4408 expugnavit,
3126 4310 3309 4379 sedes
3358 4316 3426 4377 in
3494 4310 3597 4377 his
3649 4314 3927 4401 regioni·-

1329 4468 1456 4531 bus
1517 4463 1672 4529 fixas
1738 4451 2147 4550 aliquamdiu
2203 4452 2654 4519 obtinuerunt.
2757 4450 3160 4528 Numorum,
3228 4472 3397 4543 quos
3460 4447 3659 4515 duces
3726 4446 3924 4535 hujus

1327 4604 1533 4697 gentis
1586 4590 2042 4695 procudendos
2090 4602 2439 4669 curarunt,
2496 4590 2967 4657 rarissimorum
3012 4594 3258 4679 septem
3305 4578 3479 4679 apud
3526 4606 3645 4650 nos
3695 4585 3930 4674 reperti
