4709 6106
1464 581 1679 636 211ss

1572 771 1667 838 Ex
1719 767 1919 838 altera
1971 780 2157 862 parte
2197 767 2323 836 alia
2375 791 2650 862 quoque
2697 771 2798 834 via
2845 769 3094 860 patuit,
3145 791 3278 862 qua
3317 768 3384 836 bi
3435 775 3616 838 numi
3669 791 3748 836 ex
3803 773 3951 836 Asia

1364 918 1433 979 in
1505 912 1833 1004 Europam
1920 911 2452 1002 commigrabant.
2557 911 2680 978 Per
2729 916 3024 1003 regiones
3074 915 3417 982 Armeniae
3489 925 3557 981 et
3630 911 3952 982 Adherbi-

1366 1043 1598 1133 djauae
1644 1056 1984 1112 montanas
2032 1041 2115 1110 ad
2146 1044 2432 1110 Pontum
2465 1065 2540 1110 ca
2589 1042 2784 1110 duxit
2843 1043 3214 1122 Euxinum,
3269 1049 3336 1111 in
3387 1046 3582 1135 cujus
3623 1044 3955 1112 littoribus

1365 1179 1741 1252 borealibus
1794 1179 2069 1247 Khazari
2124 1177 2422 1272 aliaeque
2470 1192 2691 1272 gentes
2740 1179 2868 1246 hoc
2914 1203 3074 1248 aevo
3125 1179 3478 1275 degebant,
3525 1183 3646 1276 qui
3695 1181 3952 1251 easdem

1364 1315 1473 1382 htc
1521 1312 1797 1407 agebant
1845 1323 2090 1407 partes,
2160 1332 2235 1378 ao
2292 1311 2602 1406 Bulgbari
2655 1318 2722 1379 in
2773 1317 2968 1382 maris
3017 1319 3256 1410 caspici
3313 1320 3570 1385 vicinia.
3675 1319 3810 1386 Hoc
3859 1331 3952 1384 ta-

1366 1474 1513 1518 men
1566 1457 1689 1520 iter
1738 1475 1872 1519 nou
1924 1452 2149 1520 eadem
2196 1451 2522 1547 gaudebat
2567 1451 2966 1546 frequentia,
3009 1474 3141 1544 qua
3185 1452 3408 1518 floruit
3458 1450 3952 1519 khorasanicum

1366 1603 1430 1659 et
1477 1594 2020 1660 transoxanicnm.
2122 1592 2569 1660 Nihilominus
2654 1589 2829 1658 baud
2900 1613 3136 1684 parum
3198 1595 3442 1683 argenti
3491 1581 3704 1658 etiam‘
3737 1594 3832 1656 sic
3883 1595 3950 1654 in

1364 1732 1663 1798 Russiam
1722 1727 2016 1806 advenit,
2082 1739 2149 1796 et
2218 1726 2460 1796 deinde
2533 1751 2650 1822 per
2724 1728 2957 1795 fluvios
3034 1723 3396 1814 adjacentes
3449 1727 3517 1792 in
3567 1747 3711 1792 oras
3761 1731 3953 1791 maris

1366 1863 1637 1932 balthici
1714 1869 1856 1931 ivit.
1949 1863 2115 1932 lude
2156 1890 2193 1931 a
2261 1871 2417 1933 mari
2495 1868 2744 1958 persico
2811 1864 3168 1933 secundum
3221 1865 3495 1932 flumina
3547 1861 3950 1957 Euphratem

1366 2017 1430 2070 et
1482 2003 1809 2100 Tigridem
1867 2009 1932 2070 in
1997 2017 2255 2073 montes
2328 2005 2660 2074 dirhemos
2731 2029 3077 2100 possumus
3126 2011 3375 2074 sectari.
3478 2009 3567 2072 At
3616 2006 3685 2070 ni
3736 2005 3953 2070 omnia

1364 2129 1608 2201 fallunt
1652 2133 1809 2202 baec
1864 2141 1967 2201 via
2015 2133 2215 2201 altera
2287 2132 2418 2201 suit
2493 2141 2860 2229 antiquior,
2931 2159 3144 2229 quum
3207 2134 3700 2204 Samanidarum
3743 2145 3950 2202 aetate

1361 2272 1495 2343 sere
1545 2295 1741 2343 omne
1789 2278 2254 2343 commercium
2306 2297 2424 2369 per
2473 2297 2698 2342 eorum
2747 2271 3066 2340 ditionem
3109 2282 3533 2338 exerceretur.

1564 2563 1663 2630 Ne
1720 2587 1872 2631 vero
1938 2570 2157 2632 omnia
2228 2578 2627 2631 mercaturae
2675 2560 2799 2629 soli
2844 2573 2911 2629 et
2963 2565 3139 2654 pacis
3193 2564 3469 2654 negotiis
3522 2559 3801 2637 tribuas,
3847 2581 3950 2624 ca-

1362 2723 1528 2767 veas.
1631 2699 1795 2770 Fieri
1847 2726 2000 2771 sane
2052 2709 2306 2796 potuit,
2377 2712 2454 2768 ut
2508 2699 2758 2767 multos
2809 2696 3178 2774 thesauros,
3249 2699 3316 2761 in
3364 2704 3580 2761 nostra
3633 2704 3799 2758 terra
3851 2715 3950 2758 re-

1358 2853 1615 2934 pertos,
1673 2841 2199 2936 expeditionibus
2265 2841 2521 2911 bellicis
2589 2852 2654 2908 et
2716 2843 3037 2905 victorum
3092 2833 3320 2928 spoliis
3376 2858 3524 2902 vere
3574 2832 3946 2900 debeamus.

1360 2969 1448 3036 Ut
1498 2969 1625 3038 alia
1676 2972 1873 3062 hujus
1923 2979 2016 3042 rei
2065 2975 2305 3043 indicia
2369 2989 2635 3053 taceam,
2685 2975 2848 3042 haec
2899 2973 3192 3041 attulisse
3240 2973 3529 3042 sufficiat.
3633 2973 3948 3040 Chronica

1356 3106 1647 3175 Arabum
1698 3110 1907 3201 gentis
1963 3136 2155 3205 saepe
2202 3110 2461 3179 faciunt
2518 3114 2916 3176 mentionem
2963 3104 3233 3183 ferocis,
3288 3106 3479 3195 cujus
3531 3110 3600 3171 in
3654 3104 3812 3173 fines
3861 3106 3948 3171 ls-

1357 3238 1638 3307 lamismi
1702 3244 2098 3311 incursiones
2179 3243 2415 3311 vividis
2487 3249 2853 3337 pinguntur
2929 3237 3282 3308 coloribus.
3388 3238 3477 3305 Ea
3528 3234 3688 3305 Rus
3737 3242 3948 3303 nomi-

1356 3391 1505 3447 nata
1560 3383 1653 3447 sic
1702 3388 2081 3449 memoriam
2134 3390 2235 3451 sui
2314 3382 2676 3477 posteritati
2735 3378 3008 3447 tradidit
3057 3390 3414 3447 cruentam.
3520 3378 3652 3459 Qui
3709 3384 3948 3472 princi-

1353 3538 1513 3607 pum
1565 3516 2072 3587 Norrmanorum
2125 3544 2176 3586 s.
2225 3519 2694 3610 Waraegorum
2743 3528 2959 3608 partes
3025 3518 3090 3579 in
3157 3514 3387 3580 Russia
3441 3537 3560 3604 per
3605 3512 3765 3579 haec
3816 3511 3950 3581 fere

1354 3643 1603 3725 secula,
1656 3647 1739 3715 de
1785 3651 2029 3744 quibus
2080 3649 2186 3716 hle
2235 3654 2480 3742 agitur,
2545 3657 2837 3741 peractas
2889 3648 3298 3739 cognoverit,
3348 3640 3542 3710 facile
3575 3640 3948 3721 concludet,

1352 3784 1473 3851 bos
1523 3787 1840 3880 populos,
1892 3796 2009 3881 qui
2060 3792 2380 3881 originem
2436 3812 2472 3852 a
2523 3784 2948 3854 Scandinavia
3003 3783 3365 3861 ducebant,
3436 3784 3502 3849 in
3549 3807 3785 3862 novam
3833 3808 3946 3878 pa-

1350 3920 1540 3983 triam
1588 3943 1797 3989 mores
1846 3935 1913 3988 et
1959 3919 2468 3989 consuetudines
2518 3918 2903 3987 domesticas
2953 3941 3179 3985 secum
3227 3918 3551 3999 attulisse,
3609 3933 3676 3989 et
3726 3926 3944 3989 Asiam

1350 4054 1641 4141 opimam
1691 4052 2032 4146 praedatos
2084 4056 2392 4148 praedam
2438 4056 2616 4125 haud
2656 4082 2800 4127 raro
2854 4057 3124 4129 domum
3176 4074 3553 4157 reportasse.
3625 4063 3730 4132 Ad
3777 4064 3948 4133 hane

1352 4196 1737 4258 sententiam
1776 4190 2159 4260 firmandam
2214 4217 2348 4260 non
2394 4218 2626 4287 parum
2675 4193 2863 4275 facit,
2915 4194 3102 4289 quod
3144 4201 3328 4262 numi
3385 4195 3729 4265 orientales
3754 4198 3949 4291 plane

1344 4327 1525 4422 apud
1578 4352 1697 4397 nos
1749 4329 2063 4398 desinunt
2104 4333 2191 4399 ab
2246 4356 2325 4400 eo
2367 4332 2520 4399 inde
2546 4342 2873 4424 tempore,
2907 4356 3064 4426 'quo
3093 4333 3358 4411 Russia,
3407 4328 3659 4398 ultimis
3685 4335 3948 4428 regibus

1346 4469 1816 4565 Waraegorum
1860 4471 2361 4563 imperantibus,
2414 4476 2481 4539 in
2530 4475 2735 4539 varias
2784 4468 3036 4564 dilapsa
3091 4475 3414 4549 civitates,
3465 4470 3682 4537 turbis
3733 4466 3944 4536 civili-

1342 4602 1465 4669 bus
1513 4599 1817 4672 funditus
1864 4615 2337 4675 concuteretur.
2443 4604 2711 4700 Ubique
2782 4616 2942 4677 tunc
2985 4612 3227 4677 incerta
3279 4618 3346 4677 et
3396 4606 3602 4677 dubia
3677 4604 3945 4676 fuerunt
