<?xml version="1.0" encoding="UTF-8"?>
<!DOCTYPE html PUBLIC "-//W3C//DTD XHTML 1.0 Transitional//EN"
    "http://www.w3.org/TR/xhtml1/DTD/xhtml1-transitional.dtd">
<html xmlns="http://www.w3.org/1999/xhtml" xml:lang="en" lang="en">
 <head>
  <title>
</title>
<meta http-equiv="Content-Type" content="text/html;charset=utf-8" />
  <meta name='ocr-system' content='tesseract 3.04.00' />
  <meta name='ocr-capabilities' content='ocr_page ocr_carea ocr_par ocr_line ocrx_word'/>
</head>
<body>
  <div class='ocr_page' id='page_1' title='image "./numicuficiregii00torngoog_0072.png"; bbox 0 0 4709 6106; ppageno 0'>
   <div class='ocr_carea' id='block_1_1' title="bbox 3184 597 3297 650">
    <p class='ocr_par' dir='ltr' id='par_1_1' title="bbox 3184 597 3297 650">
     <span class='ocr_line' id='line_1_1' title="bbox 3184 597 3297 650; baseline 0 -4"><span class='ocrx_word' id='word_1_1' title='bbox 3184 597 3297 650; x_wconf 69' lang='lat' dir='ltr'><strong>ul</strong></span> 
     </span>
    </p>
   </div>
   <div class='ocr_carea' id='block_1_2' title="bbox 795 742 3397 1560">
    <p class='ocr_par' dir='ltr' id='par_1_2' title="bbox 795 742 3397 1560">
     <span class='ocr_line' id='line_1_2' title="bbox 1007 742 3397 874; baseline 0.003 -32"><span class='ocrx_word' id='word_1_2' title='bbox 1007 781 1391 856; x_wconf 63' lang='lat' dir='ltr'><strong>Asamus,</strong></span> <span class='ocrx_word' id='word_1_3' title='bbox 1467 777 1722 868; x_wconf 55' lang='lat' dir='ltr'><strong>arabice</strong></span> <span class='ocrx_word' id='word_1_4' title='bbox 1797 774 1988 846; x_wconf 78' lang='lat' dir='ltr'><strong>Mist·</strong></span> <span class='ocrx_word' id='word_1_5' title='bbox 2006 827 2035 860; x_wconf 82' lang='lat'><strong>,</strong></span> <span class='ocrx_word' id='word_1_6' title='bbox 2087 742 2237 872; x_wconf 74' lang='lat' dir='ltr'><strong>post</strong></span> <span class='ocrx_word' id='word_1_7' title='bbox 2308 775 2719 874; x_wconf 72' lang='lat' dir='ltr'><strong>el·lteghreb</strong></span> <span class='ocrx_word' id='word_1_8' title='bbox 2791 799 2909 872; x_wconf 80' lang='lat' dir='ltr'><strong>per</strong></span> <span class='ocrx_word' id='word_1_9' title='bbox 2962 777 3273 848; x_wconf 57' lang='lat' dir='ltr'><strong>lan-iadau</strong></span> <span class='ocrx_word' id='word_1_10' title='bbox 3330 795 3397 850; x_wconf 80' lang='lat' dir='ltr'><strong>et</strong></span> 
     </span>
     <span class='ocr_line' id='line_1_3' title="bbox 799 907 3396 1010; baseline 0.002 -32"><span class='ocrx_word' id='word_1_11' title='bbox 799 907 1086 980; x_wconf 71' lang='lat' dir='ltr'><strong>Africam</strong></span> <span class='ocrx_word' id='word_1_12' title='bbox 1161 937 1282 1007; x_wconf 81' lang='lat' dir='ltr'><strong>per</strong></span> <span class='ocrx_word' id='word_1_13' title='bbox 1331 912 1730 1006; x_wconf 75' lang='lat' dir='ltr'><strong>Aghlebidas</strong></span> <span class='ocrx_word' id='word_1_14' title='bbox 1775 920 2052 1008; x_wconf 81' lang='lat' dir='ltr'><strong>imperio</strong></span> <span class='ocrx_word' id='word_1_15' title='bbox 2096 914 2456 986; x_wconf 70' lang='lat' dir='ltr'><strong>thalifatus</strong></span> <span class='ocrx_word' id='word_1_16' title='bbox 2502 929 2788 1010; x_wconf 76' lang='lat' dir='ltr'><strong>ereptas,</strong></span> <span class='ocrx_word' id='word_1_17' title='bbox 2856 915 2975 984; x_wconf 83' lang='lat' dir='ltr'><strong>diu</strong></span> <span class='ocrx_word' id='word_1_18' title='bbox 3049 916 3396 988; x_wconf 65' lang='lat' dir='ltr'><strong>Abbasidis</strong></span> 
     </span>
     <span class='ocr_line' id='line_1_4' title="bbox 797 1049 3393 1146; baseline 0.003 -30"><span class='ocrx_word' id='word_1_19' title='bbox 797 1055 1054 1146; x_wconf 71' lang='lat' dir='ltr'><strong>psi-uit,</strong></span> <span class='ocrx_word' id='word_1_20' title='bbox 1115 1049 1327 1118; x_wconf 83' lang='lat' dir='ltr'><strong>donec</strong></span> <span class='ocrx_word' id='word_1_21' title='bbox 1379 1050 1636 1120; x_wconf 75' lang='lat' dir='ltr'><strong>Ahmed</strong></span> <span class='ocrx_word' id='word_1_22' title='bbox 1691 1049 2098 1131; x_wconf 83' lang='lat' dir='ltr'><strong>ben-Tulun,</strong></span> <span class='ocrx_word' id='word_1_23' title='bbox 2149 1073 2322 1120; x_wconf 72' lang='lat' dir='ltr'><strong>anno</strong></span> <span class='ocrx_word' id='word_1_24' title='bbox 2368 1053 2520 1120; x_wconf 71' lang='lat'><strong>2154</strong></span> <span class='ocrx_word' id='word_1_25' title='bbox 2568 1054 2782 1139; x_wconf 78' lang='lat'><strong>(86⁷)</strong></span> <span class='ocrx_word' id='word_1_26' title='bbox 2841 1078 2880 1121; x_wconf 74' lang='grc' dir='ltr'>ι</span> <span class='ocrx_word' id='word_1_27' title='bbox 2914 1053 3393 1123; x_wconf 69' lang='lat' dir='ltr'><strong>Buten-bilis·</strong></span> 
     </span>
     <span class='ocr_line' id='line_1_5' title="bbox 798 1183 3390 1276; baseline 0.002 -24"><span class='ocrx_word' id='word_1_28' title='bbox 798 1186 886 1252; x_wconf 85' lang='lat' dir='ltr'><strong>ho</strong></span> <span class='ocrx_word' id='word_1_29' title='bbox 929 1185 1095 1252; x_wconf 82' lang='lat' dir='ltr'><strong>huie</strong></span> <span class='ocrx_word' id='word_1_30' title='bbox 1157 1189 1532 1276; x_wconf 64' lang='lat' dir='ltr'><strong>provinciae</strong></span> <span class='ocrx_word' id='word_1_31' title='bbox 1575 1185 1968 1276; x_wconf 70' lang='lat' dir='ltr'>praefectus,</span> <span class='ocrx_word' id='word_1_32' title='bbox 2021 1198 2248 1256; x_wconf 69' lang='lat' dir='ltr'><strong>contra</strong></span> <span class='ocrx_word' id='word_1_33' title='bbox 2299 1185 2645 1254; x_wconf 83' lang='lat' dir='ltr'><strong>dominum</strong></span> <span class='ocrx_word' id='word_1_34' title='bbox 2694 1183 3057 1256; x_wconf 77' lang='lat' dir='ltr'><strong>rebellaret.</strong></span> <span class='ocrx_word' id='word_1_35' title='bbox 3159 1187 3236 1255; x_wconf 90' lang='lat' dir='ltr'><strong>ln</strong></span> <span class='ocrx_word' id='word_1_36' title='bbox 3282 1211 3390 1256; x_wconf 80' lang='lat' dir='ltr'><strong>sex</strong></span> 
     </span>
     <span class='ocr_line' id='line_1_6' title="bbox 795 1323 3393 1425; baseline 0.002 -34"><span class='ocrx_word' id='word_1_37' title='bbox 795 1323 1144 1425; x_wconf 74' lang='lat' dir='ltr'><strong>dii-hemis,</strong></span> <span class='ocrx_word' id='word_1_38' title='bbox 1197 1347 1255 1388; x_wconf 76' lang='lat' dir='ltr'><strong>a.</strong></span> <span class='ocrx_word' id='word_1_39' title='bbox 1312 1323 1710 1392; x_wconf 63' lang='lat' dir='ltr'><strong>ian-245</strong></span> <span class='ocrx_word' id='word_1_40' title='bbox 1763 1328 2219 1412; x_wconf 63' lang='lat' dir='ltr'><strong>(⁷62-a-859)</strong></span> <span class='ocrx_word' id='word_1_41' title='bbox 2261 1329 2465 1408; x_wconf 78' lang='lat' dir='ltr'><strong>cusis,</strong></span> <span class='ocrx_word' id='word_1_42' title='bbox 2513 1329 2672 1396; x_wconf 79' lang='lat' dir='ltr'><strong>Misr</strong></span> <span class='ocrx_word' id='word_1_43' title='bbox 2715 1349 2834 1420; x_wconf 89' lang='lat' dir='ltr'><strong>pro</strong></span> <span class='ocrx_word' id='word_1_44' title='bbox 2877 1327 3175 1409; x_wconf 64' lang='lat' dir='ltr'><strong>Fostat,</strong></span> <span class='ocrx_word' id='word_1_45' title='bbox 3234 1342 3393 1398; x_wconf 87' lang='lat' dir='ltr'><strong>tune</strong></span> 
     </span>
     <span class='ocr_line' id='line_1_7' title="bbox 795 1457 2857 1560; baseline 0.006 -40"><span class='ocrx_word' id='word_1_46' title='bbox 795 1459 1112 1548; x_wconf 77' lang='lat' dir='ltr'><strong>temporis</strong></span> <span class='ocrx_word' id='word_1_47' title='bbox 1168 1457 1516 1552; x_wconf 83' lang='lat' dir='ltr'><strong>metropoli</strong></span> <span class='ocrx_word' id='word_1_48' title='bbox 1570 1465 1884 1555; x_wconf 78' lang='lat' dir='ltr'>regionis,</span> <span class='ocrx_word' id='word_1_49' title='bbox 1939 1461 2127 1532; x_wconf 80' lang='lat' dir='ltr'><strong>loeus</strong></span> <span class='ocrx_word' id='word_1_50' title='bbox 2173 1479 2443 1560; x_wconf 71' lang='lat' dir='ltr'><strong>apparet</strong></span> <span class='ocrx_word' id='word_1_51' title='bbox 2493 1464 2857 1534; x_wconf 76' lang='lat' dir='ltr'><strong>monetalis.</strong></span> 
     </span>
    </p>
   </div>
   <div class='ocr_carea' id='block_1_3' title="bbox 995 1701 3427 1818">
    <p class='ocr_par' dir='ltr' id='par_1_3' title="bbox 995 1701 3427 1818">
     <span class='ocr_line' id='line_1_8' title="bbox 995 1701 3427 1818; baseline 0.002 -36"><span class='ocrx_word' id='word_1_52' title='bbox 995 1721 1366 1811; x_wconf 77' lang='lat' dir='ltr'>Antequam</span> <span class='ocrx_word' id='word_1_53' title='bbox 1416 1719 1572 1786; x_wconf 82' lang='lat' dir='ltr'><strong>hinc</strong></span> <span class='ocrx_word' id='word_1_54' title='bbox 1618 1725 1686 1788; x_wconf 90' lang='lat' dir='ltr'><strong>in</strong></span> <span class='ocrx_word' id='word_1_55' title='bbox 1743 1726 1960 1790; x_wconf 79' lang='lat' dir='ltr'><strong>Asiam</strong></span> <span class='ocrx_word' id='word_1_56' title='bbox 2017 1723 2591 1818; x_wconf 78' lang='lat' dir='ltr'><strong>transgrediamur,-</strong></span> <span class='ocrx_word' id='word_1_57' title='bbox 2646 1751 2681 1794; x_wconf 90' lang='lat' dir='ltr'><strong>e</strong></span> <span class='ocrx_word' id='word_1_58' title='bbox 2732 1751 2802 1795; x_wconf 90' lang='lat' dir='ltr'><strong>re</strong></span> <span class='ocrx_word' id='word_1_59' title='bbox 2844 1731 2967 1794; x_wconf 86' lang='lat' dir='ltr'><strong>erit</strong></span> <span class='ocrx_word' id='word_1_60' title='bbox 3015 1701 3427 1816; x_wconf 54' lang='lat' dir='ltr'><strong>paullulum⁸</strong></span> 
     </span>
    </p>
   </div>
   <div class='ocr_carea' id='block_1_4' title="bbox 788 1855 3387 2062">
    <p class='ocr_par' dir='ltr' id='par_1_4' title="bbox 788 1855 3387 2062">
     <span class='ocr_line' id='line_1_9' title="bbox 791 1855 3387 1960; baseline 0.002 -40"><span class='ocrx_word' id='word_1_61' title='bbox 791 1855 1172 1936; x_wconf 74' lang='lat' dir='ltr'>subsistere,</span> <span class='ocrx_word' id='word_1_62' title='bbox 1227 1871 1304 1926; x_wconf 88' lang='lat' dir='ltr'><strong>ut</strong></span> <span class='ocrx_word' id='word_1_63' title='bbox 1355 1865 1724 1954; x_wconf 82' lang='lat' dir='ltr'><strong>quaestioni</strong></span> <span class='ocrx_word' id='word_1_64' title='bbox 1762 1889 1874 1933; x_wconf 82' lang='lat' dir='ltr'><strong>sua</strong></span> <span class='ocrx_word' id='word_1_65' title='bbox 1917 1878 2152 1960; x_wconf 85' lang='lat' dir='ltr'><strong>sponte</strong></span> <span class='ocrx_word' id='word_1_66' title='bbox 2197 1889 2334 1933; x_wconf 87' lang='lat' dir='ltr'><strong>sese</strong></span> <span class='ocrx_word' id='word_1_67' title='bbox 2380 1865 2671 1933; x_wconf 79' lang='lat' dir='ltr'><strong>offerenti</strong></span> <span class='ocrx_word' id='word_1_68' title='bbox 2700 1857 3197 1957; x_wconf 82' lang='lat' dir='ltr'><strong>respondeatur,</strong></span> <span class='ocrx_word' id='word_1_69' title='bbox 3251 1874 3387 1948; x_wconf 83' lang='lat' dir='ltr'><strong>quo</strong></span> 
     </span>
     <span class='ocr_line' id='line_1_10' title="bbox 788 1983 3387 2062; baseline -0.002 -10"><span class='ocrx_word' id='word_1_70' title='bbox 788 1983 989 2054; x_wconf 88' lang='lat' dir='ltr'><strong>modo</strong></span> <span class='ocrx_word' id='word_1_71' title='bbox 1041 1989 1105 2054; x_wconf 87' lang='lat' dir='ltr'><strong>bi</strong></span> <span class='ocrx_word' id='word_1_72' title='bbox 1154 1997 1336 2058; x_wconf 89' lang='lat' dir='ltr'><strong>numi</strong></span> <span class='ocrx_word' id='word_1_73' title='bbox 1393 1989 1660 2059; x_wconf 78' lang='lat' dir='ltr'><strong>africani</strong></span> <span class='ocrx_word' id='word_1_74' title='bbox 1740 1996 1805 2058; x_wconf 89' lang='lat' dir='ltr'><strong>in</strong></span> <span class='ocrx_word' id='word_1_75' title='bbox 1861 2004 2060 2060; x_wconf 84' lang='lat' dir='ltr'><strong>terras</strong></span> <span class='ocrx_word' id='word_1_76' title='bbox 2130 1997 2285 2060; x_wconf 82' lang='lat' dir='ltr'><strong>mari</strong></span> <span class='ocrx_word' id='word_1_77' title='bbox 2350 1991 2641 2062; x_wconf 86' lang='lat' dir='ltr'><strong>balthico</strong></span> <span class='ocrx_word' id='word_1_78' title='bbox 2692 1997 2932 2061; x_wconf 82' lang='lat' dir='ltr'><strong>vicinas</strong></span> <span class='ocrx_word' id='word_1_79' title='bbox 2982 1990 3387 2056; x_wconf 85' lang='lat' dir='ltr'><strong>accesserint·</strong></span> 
     </span>
    </p>
   </div>
   <div class='ocr_carea' id='block_1_5' title="bbox 779 2126 3411 2760">
    <p class='ocr_par' dir='ltr' id='par_1_5' title="bbox 779 2126 3411 2760">
     <span class='ocr_line' id='line_1_11' title="bbox 789 2126 3382 2224; baseline -0.002 -29"><span class='ocrx_word' id='word_1_80' title='bbox 789 2129 916 2195; x_wconf 87' lang='lat' dir='ltr'><strong>Diu</strong></span> <span class='ocrx_word' id='word_1_81' title='bbox 975 2126 1252 2221; x_wconf 82' lang='lat' dir='ltr'><strong>quidem</strong></span> <span class='ocrx_word' id='word_1_82' title='bbox 1324 2127 1485 2209; x_wconf 82' lang='lat' dir='ltr'><strong>suit,</strong></span> <span class='ocrx_word' id='word_1_83' title='bbox 1569 2154 1774 2224; x_wconf 86' lang='lat' dir='ltr'><strong>quum</strong></span> <span class='ocrx_word' id='word_1_84' title='bbox 1847 2135 1966 2196; x_wconf 72' lang='lat' dir='ltr'><strong>viri</strong></span> <span class='ocrx_word' id='word_1_85' title='bbox 2021 2129 2413 2209; x_wconf 75' lang='lat' dir='ltr'><strong>doctissimi,</strong></span> <span class='ocrx_word' id='word_1_86' title='bbox 2474 2155 2584 2200; x_wconf 89' lang='lat' dir='ltr'><strong>eos</strong></span> <span class='ocrx_word' id='word_1_87' title='bbox 2634 2129 2805 2199; x_wconf 86' lang='lat' dir='ltr'><strong>male</strong></span> <span class='ocrx_word' id='word_1_88' title='bbox 2856 2135 3382 2220; x_wconf 79' lang='lat' dir='ltr'><strong>interpretantes,</strong></span> 
     </span>
     <span class='ocr_line' id='line_1_12' title="bbox 782 2225 3411 2356; baseline -0.002 -28"><span class='ocrx_word' id='word_1_89' title='bbox 782 2283 1048 2330; x_wconf 87' lang='lat' dir='ltr'><strong>omnem</strong></span> <span class='ocrx_word' id='word_1_90' title='bbox 1103 2260 1428 2349; x_wconf 86' lang='lat' dir='ltr'><strong>ejusmodi</strong></span> <span class='ocrx_word' id='word_1_91' title='bbox 1487 2274 1810 2330; x_wconf 86' lang='lat' dir='ltr'><strong>monetam</strong></span> <span class='ocrx_word' id='word_1_92' title='bbox 1871 2268 1934 2329; x_wconf 90' lang='lat' dir='ltr'><strong>in</strong></span> <span class='ocrx_word' id='word_1_93' title='bbox 1984 2262 2439 2356; x_wconf 89' lang='lat' dir='ltr'><strong>Septentrione</strong></span> <span class='ocrx_word' id='word_1_94' title='bbox 2498 2265 2783 2332; x_wconf 82' lang='lat' dir='ltr'><strong>inveneri</strong></span> <span class='ocrx_word' id='word_1_95' title='bbox 2837 2262 3271 2354; x_wconf 78' lang='lat' dir='ltr'><strong>abnegarunt,</strong></span> <span class='ocrx_word' id='word_1_96' title='bbox 3313 2225 3411 2322; x_wconf 14' lang='lat' dir='ltr'><strong>et*</strong></span> 
     </span>
     <span class='ocr_line' id='line_1_13' title="bbox 784 2383 3377 2487; baseline -0.004 -27"><span class='ocrx_word' id='word_1_97' title='bbox 784 2393 927 2462; x_wconf 79' lang='lat' dir='ltr'><strong>loca</strong></span> <span class='ocrx_word' id='word_1_98' title='bbox 975 2392 1254 2462; x_wconf 84' lang='lat' dir='ltr'><strong>indicata</strong></span> <span class='ocrx_word' id='word_1_99' title='bbox 1283 2441 1300 2472; x_wconf 95' lang='lat'><strong>,</strong></span> <span class='ocrx_word' id='word_1_100' title='bbox 1355 2417 1650 2487; x_wconf 80' lang='lat' dir='ltr'><strong>perversa</strong></span> <span class='ocrx_word' id='word_1_101' title='bbox 1709 2398 2027 2460; x_wconf 85' lang='lat' dir='ltr'><strong>sententia</strong></span> <span class='ocrx_word' id='word_1_102' title='bbox 2078 2399 2567 2486; x_wconf 81' lang='lat' dir='ltr'><strong>praeoccupati,</strong></span> <span class='ocrx_word' id='word_1_103' title='bbox 2647 2395 2714 2458; x_wconf 89' lang='lat' dir='ltr'><strong>in</strong></span> <span class='ocrx_word' id='word_1_104' title='bbox 2764 2389 2981 2457; x_wconf 77' lang='lat' dir='ltr'><strong>Asiam</strong></span> <span class='ocrx_word' id='word_1_105' title='bbox 3035 2383 3377 2454; x_wconf 81' lang='lat' dir='ltr'><strong>transferre</strong></span> 
     </span>
     <span class='ocr_line' id='line_1_14' title="bbox 781 2517 3379 2620; baseline -0.008 -20"><span class='ocrx_word' id='word_1_106' title='bbox 781 2529 1020 2600; x_wconf 79' lang='lat' dir='ltr'><strong>frustra</strong></span> <span class='ocrx_word' id='word_1_107' title='bbox 1067 2529 1469 2600; x_wconf 73' lang='lat' dir='ltr'><strong>laborarunt.</strong></span> <span class='ocrx_word' id='word_1_108' title='bbox 1577 2531 1663 2598; x_wconf 89' lang='lat' dir='ltr'><strong>Ut</strong></span> <span class='ocrx_word' id='word_1_109' title='bbox 1707 2528 1954 2599; x_wconf 84' lang='lat' dir='ltr'><strong>multos</strong></span> <span class='ocrx_word' id='word_1_110' title='bbox 2003 2528 2202 2608; x_wconf 86' lang='lat' dir='ltr'><strong>alios,</strong></span> <span class='ocrx_word' id='word_1_111' title='bbox 2250 2529 2344 2598; x_wconf 85' lang='lat' dir='ltr'><strong>sic</strong></span> <span class='ocrx_word' id='word_1_112' title='bbox 2389 2527 2509 2594; x_wconf 85' lang='lat' dir='ltr'><strong>hos</strong></span> <span class='ocrx_word' id='word_1_113' title='bbox 2552 2547 2821 2620; x_wconf 88' lang='lat' dir='ltr'><strong>quoque</strong></span> <span class='ocrx_word' id='word_1_114' title='bbox 2847 2543 3091 2590; x_wconf 68' lang='lat' dir='ltr'><strong>errores</strong></span> <span class='ocrx_word' id='word_1_115' title='bbox 3121 2517 3379 2584; x_wconf 57' lang='lat' dir='ltr'><strong>Fuiss-</strong></span> 
     </span>
     <span class='ocr_line' id='line_1_15' title="bbox 779 2657 3377 2760; baseline -0.008 -21"><span class='ocrx_word' id='word_1_116' title='bbox 779 2689 924 2740; x_wconf 78' lang='lat' dir='ltr'><strong>mus</strong></span> <span class='ocrx_word' id='word_1_117' title='bbox 976 2665 1092 2737; x_wconf 91' lang='lat' dir='ltr'><strong>ille</strong></span> <span class='ocrx_word' id='word_1_118' title='bbox 1146 2666 1508 2760; x_wconf 79' lang='lat' dir='ltr'><strong>dissipavit.</strong></span> <span class='ocrx_word' id='word_1_119' title='bbox 1611 2669 1702 2732; x_wconf 77' lang='lat' dir='ltr'><strong>At</strong></span> <span class='ocrx_word' id='word_1_120' title='bbox 1748 2668 2045 2756; x_wconf 76' lang='lat' dir='ltr'><strong>quaestio</strong></span> <span class='ocrx_word' id='word_1_121' title='bbox 2099 2660 2211 2728; x_wconf 87' lang='lat' dir='ltr'><strong>illa</strong></span> <span class='ocrx_word' id='word_1_122' title='bbox 2264 2657 2562 2727; x_wconf 84' lang='lat' dir='ltr'><strong>nondum</strong></span> <span class='ocrx_word' id='word_1_123' title='bbox 2614 2658 2699 2724; x_wconf 86' lang='lat' dir='ltr'><strong>ad</strong></span> <span class='ocrx_word' id='word_1_124' title='bbox 2744 2677 2970 2725; x_wconf 87' lang='lat' dir='ltr'><strong>omnes</strong></span> <span class='ocrx_word' id='word_1_125' title='bbox 3010 2663 3225 2746; x_wconf 85' lang='lat' dir='ltr'><strong>partes</strong></span> <span class='ocrx_word' id='word_1_126' title='bbox 3270 2671 3377 2718; x_wconf 87' lang='lat' dir='ltr'><strong>so-</strong></span> 
     </span>
    </p>
   </div>
   <div class='ocr_carea' id='block_1_6' title="bbox 765 2795 3473 4655">
    <p class='ocr_par' dir='ltr' id='par_1_6' title="bbox 767 2795 3373 4125">
     <span class='ocr_line' id='line_1_16' title="bbox 779 2795 3373 2902; baseline -0.011 -17"><span class='ocrx_word' id='word_1_127' title='bbox 779 2817 922 2884; x_wconf 85' lang='lat' dir='ltr'><strong>luta</strong></span> <span class='ocrx_word' id='word_1_128' title='bbox 977 2813 1136 2883; x_wconf 87' lang='lat' dir='ltr'><strong>mihi</strong></span> <span class='ocrx_word' id='word_1_129' title='bbox 1185 2819 1320 2880; x_wconf 83' lang='lat' dir='ltr'><strong>visa</strong></span> <span class='ocrx_word' id='word_1_130' title='bbox 1365 2824 1482 2879; x_wconf 86' lang='lat' dir='ltr'><strong>est.</strong></span> <span class='ocrx_word' id='word_1_131' title='bbox 1587 2808 1652 2876; x_wconf 88' lang='lat' dir='ltr'><strong>Si</strong></span> <span class='ocrx_word' id='word_1_132' title='bbox 1699 2810 1975 2902; x_wconf 81' lang='lat' dir='ltr'><strong>pecunia</strong></span> <span class='ocrx_word' id='word_1_133' title='bbox 2031 2809 2263 2883; x_wconf 80' lang='lat' dir='ltr'><strong>Asiae,</strong></span> <span class='ocrx_word' id='word_1_134' title='bbox 2335 2798 2407 2868; x_wconf 91' lang='lat' dir='ltr'><strong>id</strong></span> <span class='ocrx_word' id='word_1_135' title='bbox 2459 2797 2643 2894; x_wconf 79' lang='lat' dir='ltr'><strong>quod</strong></span> <span class='ocrx_word' id='word_1_136' title='bbox 2696 2795 3168 2896; x_wconf 75' lang='lat' dir='ltr'><strong>fereunsnimi</strong></span> <span class='ocrx_word' id='word_1_137' title='bbox 3216 2815 3373 2862; x_wconf 92' lang='lat' dir='ltr'><strong>con-</strong></span> 
     </span>
     <span class='ocr_line' id='line_1_17' title="bbox 776 2935 3372 3019; baseline -0.007 -1"><span class='ocrx_word' id='word_1_138' title='bbox 776 2973 968 3019; x_wconf 84' lang='lat' dir='ltr'><strong>sensu</strong></span> <span class='ocrx_word' id='word_1_139' title='bbox 1017 2950 1102 3016; x_wconf 86' lang='lat' dir='ltr'><strong>ab</strong></span> <span class='ocrx_word' id='word_1_140' title='bbox 1136 2947 1460 3014; x_wconf 80' lang='lat' dir='ltr'><strong>omnibus</strong></span> <span class='ocrx_word' id='word_1_141' title='bbox 1510 2967 1886 3012; x_wconf 86' lang='lat' dir='ltr'><strong>concessum</strong></span> <span class='ocrx_word' id='word_1_142' title='bbox 1943 2939 2259 3019; x_wconf 81' lang='lat' dir='ltr'><strong>vidimus,</strong></span> <span class='ocrx_word' id='word_1_143' title='bbox 2310 2954 2707 3008; x_wconf 79' lang='lat' dir='ltr'><strong>mercaturae</strong></span> <span class='ocrx_word' id='word_1_144' title='bbox 2740 2963 2960 3007; x_wconf 80' lang='lat' dir='ltr'><strong>caussa</strong></span> <span class='ocrx_word' id='word_1_145' title='bbox 2999 2963 3079 3006; x_wconf 85' lang='lat' dir='ltr'><strong>ex</strong></span> <span class='ocrx_word' id='word_1_146' title='bbox 3104 2935 3372 3004; x_wconf 87' lang='lat' dir='ltr'><strong>Oriente</strong></span> 
     </span>
     <span class='ocr_line' id='line_1_18' title="bbox 777 3076 3365 3179; baseline -0.004 -22"><span class='ocrx_word' id='word_1_147' title='bbox 777 3098 845 3159; x_wconf 90' lang='lat' dir='ltr'><strong>in</strong></span> <span class='ocrx_word' id='word_1_148' title='bbox 901 3090 1198 3159; x_wconf 83' lang='lat' dir='ltr'><strong>Russiam</strong></span> <span class='ocrx_word' id='word_1_149' title='bbox 1261 3085 1777 3179; x_wconf 67' lang='lat' dir='ltr'><strong>imponebatur,</strong></span> <span class='ocrx_word' id='word_1_150' title='bbox 1855 3093 1922 3151; x_wconf 91' lang='lat' dir='ltr'><strong>et</strong></span> <span class='ocrx_word' id='word_1_151' title='bbox 1995 3082 2151 3149; x_wconf 86' lang='lat' dir='ltr'><strong>hinc</strong></span> <span class='ocrx_word' id='word_1_152' title='bbox 2218 3080 2302 3148; x_wconf 81' lang='lat' dir='ltr'><strong>ad</strong></span> <span class='ocrx_word' id='word_1_153' title='bbox 2376 3094 2627 3151; x_wconf 76' lang='lat' dir='ltr'><strong>nostras</strong></span> <span class='ocrx_word' id='word_1_154' title='bbox 2694 3080 2997 3149; x_wconf 85' lang='lat' dir='ltr'><strong>veniebat</strong></span> <span class='ocrx_word' id='word_1_155' title='bbox 3044 3076 3365 3169; x_wconf 57' lang='lat' dir='ltr'><strong>regionem</strong></span> 
     </span>
     <span class='ocr_line' id='line_1_19' title="bbox 777 3213 3367 3311; baseline -0.005 -23"><span class='ocrx_word' id='word_1_156' title='bbox 777 3235 910 3289; x_wconf 73' lang='lat' dir='ltr'><strong>non·</strong></span> <span class='ocrx_word' id='word_1_157' title='bbox 955 3220 1092 3287; x_wconf 86' lang='lat' dir='ltr'><strong>fieri</strong></span> <span class='ocrx_word' id='word_1_158' title='bbox 1148 3229 1392 3311; x_wconf 87' lang='lat' dir='ltr'><strong>potest,</strong></span> <span class='ocrx_word' id='word_1_159' title='bbox 1445 3229 1522 3283; x_wconf 92' lang='lat' dir='ltr'><strong>ut</strong></span> <span class='ocrx_word' id='word_1_160' title='bbox 1567 3240 1647 3283; x_wconf 81' lang='lat' dir='ltr'><strong>ex</strong></span> <span class='ocrx_word' id='word_1_161' title='bbox 1696 3213 1914 3281; x_wconf 77' lang='lat' dir='ltr'><strong>Africa</strong></span> <span class='ocrx_word' id='word_1_162' title='bbox 1965 3217 2055 3281; x_wconf 91' lang='lat' dir='ltr'><strong>ob</strong></span> <span class='ocrx_word' id='word_1_163' title='bbox 2105 3213 2379 3283; x_wconf 85' lang='lat' dir='ltr'><strong>eandem</strong></span> <span class='ocrx_word' id='word_1_164' title='bbox 2420 3222 2736 3307; x_wconf 79' lang='lat' dir='ltr'><strong>rationem</strong></span> <span class='ocrx_word' id='word_1_165' title='bbox 2781 3216 2914 3283; x_wconf 85' lang='lat' dir='ltr'><strong>huc</strong></span> <span class='ocrx_word' id='word_1_166' title='bbox 2955 3218 3367 3306; x_wconf 83' lang='lat' dir='ltr'><strong>immigrave-</strong></span> 
     </span>
     <span class='ocr_line' id='line_1_20' title="bbox 775 3340 3365 3446; baseline -0.008 -25"><span class='ocrx_word' id='word_1_167' title='bbox 775 3359 862 3421; x_wconf 84' lang='lat' dir='ltr'><strong>rit</strong></span> <span class='ocrx_word' id='word_1_168' title='bbox 914 3363 1273 3446; x_wconf 81' lang='lat' dir='ltr'><strong>argentum.</strong></span> <span class='ocrx_word' id='word_1_169' title='bbox 1378 3346 1574 3417; x_wconf 82' lang='lat' dir='ltr'><strong>Nulla</strong></span> <span class='ocrx_word' id='word_1_170' title='bbox 1630 3347 1846 3417; x_wconf 79' lang='lat' dir='ltr'><strong>adhuc</strong></span> <span class='ocrx_word' id='word_1_171' title='bbox 1902 3348 2190 3417; x_wconf 86' lang='lat' dir='ltr'><strong>innotuit</strong></span> <span class='ocrx_word' id='word_1_172' title='bbox 2239 3351 2378 3425; x_wconf 84' lang='lat' dir='ltr'><strong>via,</strong></span> <span class='ocrx_word' id='word_1_173' title='bbox 2440 3370 2610 3439; x_wconf 86' lang='lat' dir='ltr'><strong>quae</strong></span> <span class='ocrx_word' id='word_1_174' title='bbox 2656 3369 2732 3413; x_wconf 81' lang='lat' dir='ltr'><strong>ex</strong></span> <span class='ocrx_word' id='word_1_175' title='bbox 2784 3343 2885 3409; x_wconf 87' lang='lat' dir='ltr'><strong>his</strong></span> <span class='ocrx_word' id='word_1_176' title='bbox 2931 3340 3171 3407; x_wconf 82' lang='lat' dir='ltr'><strong>dissitis</strong></span> <span class='ocrx_word' id='word_1_177' title='bbox 3198 3340 3365 3431; x_wconf 83' lang='lat' dir='ltr'><strong>regi-</strong></span> 
     </span>
     <span class='ocr_line' id='line_1_21' title="bbox 772 3476 3363 3580; baseline -0.005 -25"><span class='ocrx_word' id='word_1_178' title='bbox 772 3491 1010 3558; x_wconf 82' lang='lat' dir='ltr'><strong>onibus</strong></span> <span class='ocrx_word' id='word_1_179' title='bbox 1055 3500 1440 3557; x_wconf 85' lang='lat' dir='ltr'><strong>mercatores</strong></span> <span class='ocrx_word' id='word_1_180' title='bbox 1491 3502 1650 3555; x_wconf 86' lang='lat' dir='ltr'><strong>tunc</strong></span> <span class='ocrx_word' id='word_1_181' title='bbox 1703 3486 1975 3555; x_wconf 84' lang='lat' dir='ltr'><strong>duceret</strong></span> <span class='ocrx_word' id='word_1_182' title='bbox 2027 3492 2092 3553; x_wconf 87' lang='lat' dir='ltr'><strong>in</strong></span> <span class='ocrx_word' id='word_1_183' title='bbox 2142 3486 2663 3580; x_wconf 86' lang='lat' dir='ltr'><strong>Septentrionem</strong></span> <span class='ocrx_word' id='word_1_184' title='bbox 2711 3482 2976 3551; x_wconf 85' lang='lat' dir='ltr'><strong>directa.</strong></span> <span class='ocrx_word' id='word_1_185' title='bbox 3027 3478 3129 3547; x_wconf 79' lang='lat' dir='ltr'><strong>Ad</strong></span> <span class='ocrx_word' id='word_1_186' title='bbox 3152 3476 3363 3572; x_wconf 83' lang='lat' dir='ltr'><strong>spolia</strong></span> 
     </span>
     <span class='ocr_line' id='line_1_22' title="bbox 773 3615 3362 3721; baseline -0.003 -34"><span class='ocrx_word' id='word_1_187' title='bbox 773 3627 971 3715; x_wconf 87' lang='lat' dir='ltr'><strong>igitur</strong></span> <span class='ocrx_word' id='word_1_188' title='bbox 995 3624 1459 3721; x_wconf 82' lang='lat' dir='ltr'><strong>Wikingorum</strong></span> <span class='ocrx_word' id='word_1_189' title='bbox 1504 3626 1694 3696; x_wconf 86' lang='lat' dir='ltr'><strong>multi</strong></span> <span class='ocrx_word' id='word_1_190' title='bbox 1721 3625 2194 3721; x_wconf 81' lang='lat' dir='ltr'><strong>confugerunt,</strong></span> <span class='ocrx_word' id='word_1_191' title='bbox 2242 3648 2451 3718; x_wconf 87' lang='lat' dir='ltr'><strong>quum</strong></span> <span class='ocrx_word' id='word_1_192' title='bbox 2482 3628 2658 3716; x_wconf 82' lang='lat' dir='ltr'><strong>pacis</strong></span> <span class='ocrx_word' id='word_1_193' title='bbox 2687 3624 2945 3715; x_wconf 86' lang='lat' dir='ltr'><strong>negotia</strong></span> <span class='ocrx_word' id='word_1_194' title='bbox 2972 3615 3056 3684; x_wconf 83' lang='lat' dir='ltr'><strong>ad</strong></span> <span class='ocrx_word' id='word_1_195' title='bbox 3082 3638 3219 3683; x_wconf 89' lang='lat' dir='ltr'><strong>rem</strong></span> <span class='ocrx_word' id='word_1_196' title='bbox 3252 3636 3362 3679; x_wconf 85' lang='lat' dir='ltr'><strong>ex-</strong></span> 
     </span>
     <span class='ocr_line' id='line_1_23' title="bbox 773 3748 3360 3853; baseline -0.003 -26"><span class='ocrx_word' id='word_1_197' title='bbox 773 3748 1145 3853; x_wconf 72' lang='lat' dir='ltr'><strong>plicandam</strong></span> <span class='ocrx_word' id='word_1_198' title='bbox 1215 3783 1348 3829; x_wconf 91' lang='lat' dir='ltr'><strong>non</strong></span> <span class='ocrx_word' id='word_1_199' title='bbox 1401 3762 1780 3831; x_wconf 87' lang='lat' dir='ltr'><strong>sufficerent.</strong></span> <span class='ocrx_word' id='word_1_200' title='bbox 1888 3769 1972 3830; x_wconf 78' lang='lat' dir='ltr'><strong>At</strong></span> <span class='ocrx_word' id='word_1_201' title='bbox 2022 3768 2073 3829; x_wconf 91' lang='lat' dir='ltr'><strong>si</strong></span> <span class='ocrx_word' id='word_1_202' title='bbox 2136 3765 2204 3829; x_wconf 90' lang='lat' dir='ltr'><strong>in</strong></span> <span class='ocrx_word' id='word_1_203' title='bbox 2255 3758 2588 3828; x_wconf 84' lang='lat' dir='ltr'><strong>dirhemos</strong></span> <span class='ocrx_word' id='word_1_204' title='bbox 2638 3783 2738 3826; x_wconf 81' lang='lat' dir='ltr'><strong>ex.</strong></span> <span class='ocrx_word' id='word_1_205' title='bbox 2782 3781 2837 3826; x_wconf 87' lang='lat' dir='ltr'><strong>c.</strong></span> <span class='ocrx_word' id='word_1_206' title='bbox 2890 3762 2957 3823; x_wconf 91' lang='lat' dir='ltr'><strong>in</strong></span> <span class='ocrx_word' id='word_1_207' title='bbox 3004 3754 3360 3822; x_wconf 80' lang='lat' dir='ltr'><strong>Russiain-</strong></span> 
     </span>
     <span class='ocr_line' id='line_1_24' title="bbox 771 3888 3361 3990; baseline -0.003 -25"><span class='ocrx_word' id='word_1_208' title='bbox 771 3910 1002 3967; x_wconf 73' lang='lat' dir='ltr'><strong>ventos</strong></span> <span class='ocrx_word' id='word_1_209' title='bbox 1055 3898 1216 3967; x_wconf 83' lang='lat' dir='ltr'><strong>baec</strong></span> <span class='ocrx_word' id='word_1_210' title='bbox 1287 3903 1656 3990; x_wconf 82' lang='lat' dir='ltr'><strong>conjectura</strong></span> <span class='ocrx_word' id='word_1_211' title='bbox 1703 3915 1878 3970; x_wconf 88' lang='lat' dir='ltr'><strong>recte</strong></span> <span class='ocrx_word' id='word_1_212' title='bbox 1935 3899 2158 3981; x_wconf 85' lang='lat' dir='ltr'><strong>cadat,</strong></span> <span class='ocrx_word' id='word_1_213' title='bbox 2213 3907 2281 3968; x_wconf 90' lang='lat' dir='ltr'><strong>in</strong></span> <span class='ocrx_word' id='word_1_214' title='bbox 2331 3913 2591 3968; x_wconf 83' lang='lat' dir='ltr'><strong>nostros</strong></span> <span class='ocrx_word' id='word_1_215' title='bbox 2640 3921 2773 3965; x_wconf 89' lang='lat' dir='ltr'><strong>non</strong></span> <span class='ocrx_word' id='word_1_216' title='bbox 2822 3898 2993 3964; x_wconf 88' lang='lat' dir='ltr'><strong>bene</strong></span> <span class='ocrx_word' id='word_1_217' title='bbox 3038 3888 3361 3987; x_wconf 74' lang='lat' dir='ltr'><strong>quadrare</strong></span> 
     </span>
     <span class='ocr_line' id='line_1_25' title="bbox 767 3984 3359 4125; baseline 0.001 -30"><span class='ocrx_word' id='word_1_218' title='bbox 767 4027 1051 4099; x_wconf 77' lang='lat' dir='ltr'><strong>videtur.</strong></span> <span class='ocrx_word' id='word_1_219' title='bbox 1101 4040 1116 4045; x_wconf 77' lang='grc'><em>“</em></span> <span class='ocrx_word' id='word_1_220' title='bbox 1154 4030 1220 4099; x_wconf 90' lang='lat' dir='ltr'><strong>Si</strong></span> <span class='ocrx_word' id='word_1_221' title='bbox 1275 4030 1508 4099; x_wconf 85' lang='lat' dir='ltr'><strong>horum</strong></span> <span class='ocrx_word' id='word_1_222' title='bbox 1562 4041 1834 4099; x_wconf 82' lang='lat' dir='ltr'><strong>aetatem</strong></span> <span class='ocrx_word' id='word_1_223' title='bbox 1890 4036 2177 4124; x_wconf 86' lang='lat' dir='ltr'><strong>primum</strong></span> <span class='ocrx_word' id='word_1_224' title='bbox 2226 4035 2681 4125; x_wconf 81' lang='lat' dir='ltr'><strong>respiciamus,</strong></span> <span class='ocrx_word' id='word_1_225' title='bbox 2729 3984 3163 4108; x_wconf 76' lang='lat' dir='ltr'><strong>inveniemus,</strong></span> <span class='ocrx_word' id='word_1_226' title='bbox 3216 4053 3359 4098; x_wconf 88' lang='lat' dir='ltr'><strong>om-</strong></span> 
     </span>
    </p>

    <p class='ocr_par' dir='ltr' id='par_1_7' title="bbox 765 4122 3473 4655">
     <span class='ocr_line' id='line_1_26' title="bbox 767 4122 3473 4275; baseline -0 -41"><span class='ocrx_word' id='word_1_227' title='bbox 767 4188 883 4235; x_wconf 83' lang='lat' dir='ltr'><strong>nes</strong></span> <span class='ocrx_word' id='word_1_228' title='bbox 934 4164 1149 4236; x_wconf 87' lang='lat' dir='ltr'><strong>multo</strong></span> <span class='ocrx_word' id='word_1_229' title='bbox 1199 4178 1350 4238; x_wconf 80' lang='lat' dir='ltr'><strong>ante</strong></span> <span class='ocrx_word' id='word_1_230' title='bbox 1401 4179 1699 4275; x_wconf 83' lang='lat' dir='ltr'><strong>tempus,</strong></span> <span class='ocrx_word' id='word_1_231' title='bbox 1750 4188 1888 4261; x_wconf 88' lang='lat' dir='ltr'><strong>quo</strong></span> <span class='ocrx_word' id='word_1_232' title='bbox 1935 4164 2230 4261; x_wconf 78' lang='lat' dir='ltr'><strong>Wikingi</strong></span> <span class='ocrx_word' id='word_1_233' title='bbox 2291 4164 2515 4235; x_wconf 84' lang='lat' dir='ltr'><strong>littora</strong></span> <span class='ocrx_word' id='word_1_234' title='bbox 2556 4163 2897 4234; x_wconf 68' lang='lat' dir='ltr'><strong>serklnndi</strong></span> <span class='ocrx_word' id='word_1_235' title='bbox 2946 4162 3355 4260; x_wconf 75' lang='lat' dir='ltr'><strong>populaban-</strong></span> <span class='ocrx_word' id='word_1_236' title='bbox 3468 4122 3473 4129; x_wconf 81' lang='lat'><strong>·</strong></span> 
     </span>
     <span class='ocr_line' id='line_1_27' title="bbox 766 4291 3354 4397; baseline 0 -38"><span class='ocrx_word' id='word_1_237' title='bbox 766 4304 912 4373; x_wconf 87' lang='lat' dir='ltr'><strong>tur,</strong></span> <span class='ocrx_word' id='word_1_238' title='bbox 961 4316 1100 4363; x_wconf 79' lang='lat' dir='ltr'><strong>esse</strong></span> <span class='ocrx_word' id='word_1_239' title='bbox 1148 4316 1372 4373; x_wconf 86' lang='lat' dir='ltr'><strong>cusos,</strong></span> <span class='ocrx_word' id='word_1_240' title='bbox 1424 4315 1647 4389; x_wconf 86' lang='lat' dir='ltr'><strong>neque</strong></span> <span class='ocrx_word' id='word_1_241' title='bbox 1713 4291 1939 4397; x_wconf 62' lang='lat' dir='ltr'><strong>adhuc</strong></span> <span class='ocrx_word' id='word_1_242' title='bbox 1987 4291 2167 4389; x_wconf 77' lang='lat' dir='ltr'><strong>apud</strong></span> <span class='ocrx_word' id='word_1_243' title='bbox 2215 4314 2338 4361; x_wconf 83' lang='lat' dir='ltr'><strong>nos</strong></span> <span class='ocrx_word' id='word_1_244' title='bbox 2387 4316 2625 4362; x_wconf 81' lang='lat' dir='ltr'><strong>numos</strong></span> <span class='ocrx_word' id='word_1_245' title='bbox 2674 4298 3005 4374; x_wconf 85' lang='lat' dir='ltr'><strong>inventos,</strong></span> <span class='ocrx_word' id='word_1_246' title='bbox 3088 4298 3207 4387; x_wconf 80' lang='lat' dir='ltr'><strong>qui</strong></span> <span class='ocrx_word' id='word_1_247' title='bbox 3250 4292 3354 4359; x_wconf 82' lang='lat' dir='ltr'><strong>his</strong></span> 
     </span>
     <span class='ocr_line' id='line_1_28' title="bbox 765 4422 3352 4524; baseline -0.002 -29"><span class='ocrx_word' id='word_1_248' title='bbox 765 4422 1296 4519; x_wconf 70' lang='lat' dir='ltr'><strong>expeditionibus</strong></span> <span class='ocrx_word' id='word_1_249' title='bbox 1343 4438 1556 4497; x_wconf 68' lang='lat' dir='ltr'><strong>ment</strong></span> <span class='ocrx_word' id='word_1_250' title='bbox 1604 4424 1926 4522; x_wconf 68' lang='lat' dir='ltr'><strong>aequales.</strong></span> <span class='ocrx_word' id='word_1_251' title='bbox 1975 4426 2298 4500; x_wconf 81' lang='lat' dir='ltr'><strong>Desinunt</strong></span> <span class='ocrx_word' id='word_1_252' title='bbox 2346 4432 2524 4499; x_wconf 84' lang='lat' dir='ltr'><strong>enim</strong></span> <span class='ocrx_word' id='word_1_253' title='bbox 2568 4450 2723 4499; x_wconf 86' lang='lat' dir='ltr'><strong>cum</strong></span> <span class='ocrx_word' id='word_1_254' title='bbox 2766 4432 3040 4524; x_wconf 86' lang='lat' dir='ltr'><strong>imperio</strong></span> <span class='ocrx_word' id='word_1_255' title='bbox 3078 4427 3352 4495; x_wconf 73' lang='lat' dir='ltr'><strong>Abbasi-</strong></span> 
     </span>
     <span class='ocr_line' id='line_1_29' title="bbox 766 4552 3351 4655; baseline 0 -34"><span class='ocrx_word' id='word_1_256' title='bbox 766 4552 998 4623; x_wconf 84' lang='lat' dir='ltr'><strong>darum</strong></span> <span class='ocrx_word' id='word_1_257' title='bbox 1075 4560 1143 4626; x_wconf 87' lang='lat' dir='ltr'><strong>in</strong></span> <span class='ocrx_word' id='word_1_258' title='bbox 1226 4556 1334 4655; x_wconf 64' lang='lat' dir='ltr'><strong>his</strong></span> <span class='ocrx_word' id='word_1_259' title='bbox 1406 4560 1593 4627; x_wconf 82' lang='lat' dir='ltr'><strong>terris</strong></span> <span class='ocrx_word' id='word_1_260' title='bbox 1667 4555 1932 4626; x_wconf 72' lang='lat' dir='ltr'><strong>sublato</strong></span> <span class='ocrx_word' id='word_1_261' title='bbox 2003 4560 2310 4654; x_wconf 78' lang='lat' dir='ltr'><strong>(excipias</strong></span> <span class='ocrx_word' id='word_1_262' title='bbox 2366 4569 2585 4628; x_wconf 70' lang='lat' dir='ltr'><strong>temen</strong></span> <span class='ocrx_word' id='word_1_263' title='bbox 2640 4578 2884 4653; x_wconf 80' lang='lat' dir='ltr'><strong>paucos</strong></span> <span class='ocrx_word' id='word_1_264' title='bbox 2927 4552 3351 4649; x_wconf 78' lang='lat' dir='ltr'><strong>idrisidieos).</strong></span> 
     </span>
    </p>
   </div>
  </div>
 </body>
</html>
