4709 6106
1476 581 1738 636 mxv!

1382 783 1671 850 Orientis
1713 795 1845 845 non
1896 795 2039 844 raro
2086 782 2373 856 eveniat,
2429 799 2562 846 non
2611 775 2898 847 sufficere
2937 781 3102 848 mihi
3155 779 3413 848 videtur
3454 777 3540 846 ad
3587 769 3968 868 dynastiam

1381 919 1650 986 omnino
1700 911 2136 1004 rejiciendam.
2236 915 2568 982 Praeterea
2645 917 2846 1007 hujus
2917 915 3138 984 classis
3208 915 3484 987 din-hemi
3547 921 3983 1015 plurimi'ab.

1382 1053 1527 1120 aliis
1575 1048 1887 1117 facillime
1965 1049 2439 1144 dignoscuntur
2487 1063 2554 1118 et
2604 1053 2832 1118 habitu
2897 1051 3138 1145 dispari
3195 1065 3263 1119 et
3307 1061 3623 1149 scriptura
3669 1057 3952 1126 diversa:

1382 1212 1531 1255 nam
1580 1185 1775 1255 solito
1828 1188 2187 1263 crassiores,
2235 1183 2596 1252 litterarum
2651 1187 2892 1256 duetus
2936 1185 3291 1256 ostendunt
3335 1189 3720 1282 graciliores.

1582 1445 1656 1512 ln
1716 1448 1933 1528 numis
1985 1437 2426 1512 describendis
2475 1449 2725 1521 omnia,
2806 1466 2974 1535 quae
3042 1446 3120 1507 iis
3193 1444 3448 1517 insunt,
3527 1445 3699 1510 varia
3765 1466 3952 1510 orna·

1384 1593 1634 1659 menta,
1680 1585 1858 1672 signa
1912 1585 2418 1648 monetariorum
2463 1605 2516 1648 e.
2573 1583 2621 1647 s}
2677 1604 2740 1671 p.
2793 1575 3139 1668 diligenter
3187 1575 3428 1641 notavi.
3489 1579 3580 1644 Ea
3625 1583 3796 1646 enim
3823 1603 3954 1647 non

1379 1714 1601 1782 solum
1652 1713 1733 1780 ad
1792 1719 2175 1781 numismata
2232 1715 2480 1781 diversa
2533 1711 2894 1780 definienda
2954 1709 3233 1778 multum
3262 1711 3538 1778 afferunt
3565 1711 3955 1801 adjumenti;

1385 1845 1497 1915 sed
1544 1851 1772 1923 etiam,
1838 1871 2047 1940 quum
2100 1853 2379 1925 variant,
2441 1870 2715 1913 numum
2766 1852 3101 1940 proprium
3152 1872 3298 1914 vere
3352 1853 3744 1914 constituere
3793 1849 3952 1916 mihi

1384 1983 1707 2050 videntur.
1814 1984 1941 2050 Eos
2020 1985 2219 2074 igitur
2282 1970 2516 2047 numos
2576 1978 2872 2071 exempla
2937 1987 3203 2046 omnino
3255 1978 3504 2046 diversa
3560 1982 3792 2060 habui,
3843 1988 3956 2075 qui

1385 2121 1628 2188 talibus
1677 2125 1874 2214 signis
1926 2132 1991 2187 et
2043 2123 2435 2186 ornamentis
2491 2117 2592 2185 vel
2677 2122 2942 2184 minime
2993 2120 3074 2186 ab
3131 2117 3273 2184 aliis
3326 2116 3737 2195 differebant3
3791 2141 3962 2209 quae

1386 2268 1483 2321 res
1541 2241 1818 2320 maxime
1863 2259 1927 2318 in
1980 2253 2389 2320 samanidicis
2455 2256 2761 2318 cernitur.
2867 2251 2931 2318 Si
2999 2263 3096 2318 tot
3173 2277 3246 2320 ao
3325 2239 3542 2319 tantae
3612 2275 3961 2320 numerum

1387 2387 1674 2476 ejusdem
1727 2391 1876 2452 anni
1930 2398 1995 2454 et
2042 2386 2167 2452 loci
2244 2390 2580 2451 varietates
2634 2399 2922 2453 monetas
2975 2388 3253 2456 diversas
3315 2414 3458 2456 vere
3509 2388 3836 2474 indicant,
3893 2388 3961 2455 id

1388 2522 1571 2616 quod
1653 2548 1869 2617 neque
1944 2545 2173 2614 negare
2242 2545 2362 2588 neo
2437 2522 2744 2588 affirmare
2813 2529 3052 2602 ausim,
3134 2531 3387 2617 copiam
3435 2531 3678 2619 argenti
3731 2531 3961 2619 signati

1388 2665 1730 2738 miremur,
1778 2657 2042 2751 qualem
2080 2661 2595 2751 ‘nusquam'nisi
2654 2662 2720 2722 in
2773 2657 3036 2726 Oriente
3089 2661 3512 2730 offendamus.

1592 2903 1665 2970 In
1720 2911 1924 2996 prima
1990 2903 2191 2970 classe
2268 2921 2502 2964 numos
2585 2896 2862 2965 ineditos
2919 2911 3171 2975 notare,
3253 2899 3427 2967 duce
3479 2901 3816 2979 FRAEnmo,
3866 2924 3966 2966 res

1392 3037 1700 3107 facillima
1751 3040 1898 3107 suit.
1999 3041 2073 3106 ln
2151 3044 2379 3106 ceteris
2459 3060 2587 3103 non
2666 3040 2837 3101 item.
2949 3035 3165 3102 Primo
3240 3038 3443 3128 igitur
3521 3035 3762 3103 dubius
3811 3034 3967 3105 tales

1394 3174 1707 3253 indicavi,
1787 3185 1932 3265 post
2008 3196 2192 3251 vern,
2273 3175 2397 3239 nisi
2449 3197 2548 3238 res
2601 3178 2868 3239 omnino
2921 3185 3090 3237 certa
3145 3173 3303 3237 mihi
3356 3172 3729 3250 videbatur,
3803 3172 3969 3238 hano

1390 3310 1919 3403 significationem
1981 3308 2173 3401 plane
2240 3313 2672 3400 praetermisi,
2726 3314 3059 3398 antiquius
3111 3309 3352 3374 habens
3405 3308 3732 3377 dirhemos
3786 3322 3967 3375 nota-

1390 3444 1653 3513 biliores
1715 3450 1780 3510 in
1833 3445 2073 3511 tabulis
2115 3427 2841 3532 adjunctis—d'elineatas
2879 3441 3242 3535 legentibus
3299 3442 3603 3537 proferre.

1594 3676 1968 3772 Siquando
2024 3683 2473 3769 inscriptiones
2523 3680 2682 3745 mibi
2761 3681 3072 3746 obscurae
3149 3676 3572 3754 videbantur,
3643 3700 3748 3742 eas
3801 3674 3968 3741 linea

1394 3812 1781 3907 superducta
1826 3812 2121 3880 indicavi.
2231 3815 2478 3881 Ductus
2545 3838 2694 3882 vero
2769 3814 3130 3881 litterarum
3183 3812 3420 3879 dubios
3462 3823 3778 3909 scriptura
3831 3840 3973 3883 nes·

1394 3948 1582 4013 khioa
1661 3958 1884 4013 notare
1954 3960 2224 4014 conatus
2309 3971 2481 4015 sum.
2585 3949 2682 4015 Ne
2762 3954 3034 4021 examini
3114 3946 3396 4014 aliorum
3457 3950 3644 4017 locus
3703 3957 3971 4018 omnino

1394 4082 1674 4160 deesset,
1728 4107 2033 4175 magnum
2088 4107 2309 4149 eorum
2368 4107 2752 4161 numerum,
2807 4090 3150 4177 praecipue
3203 4083 3496 4151 nondum
3551 4086 3973 4153 editorumet

1396 4215 1725 4308 explicatu
1787 4216 2183 4295 difficilium,
2263 4217 2467 4310 lapidi
2545 4218 2965 4285 incidendum
3021 4226 3258 4285 curavi.
3366 4222 3765 4307 Hastomnes
3814 4225 3971 4287 ima-

1396 4356 1573 4443 gines
1618 4349 1699 4416 ad
1754 4352 1925 4442 ipsos
1986 4326 2224 4416 numos
2277 4376 2311 4415 a
2381 4350 2809 4444 lithographis
2889 4352 3264 4420 sollertibus
3334 4354 3392 4420 J.
3449 4358 3516 4422 F.
3569 4356 3848 4441 Meyer
3895 4368 3974 4422 et

1395 4490 1657 4552 sociis
1763 4483 2055 4551 Holmiae
2131 4481 2409 4549 fideliter
2485 4482 2836 4553 delineatae
2908 4510 3059 4552 eum
3128 4490 3604 4582 exemplaribus
3678 4502 3973 4557 accurate

1396 4620 1667 4689 contuli.
1773 4622 1849 4687 ln
1932 4623 2096 4686 votis
2167 4618 2326 4697 fuit,
2400 4631 2472 4684 ut
2539 4642 2886 4689 numorum
2941 4645 3210 4718 quoque
3259 4622 3754 4719 descriptiones,
3805 4647 3975 4717 quae
