4709 6106
1461 551 1574 604 HV

1369 779 1546 824 epa.
1595 748 1748 820 uo
1798 753 2116 843 augescitz
2197 765 2371 813 anno
2416 749 2593 812 enim
2649 745 2799 813 248
2860 766 3171 814 cneorum
3244 751 3471 840 viginti
3538 759 3707 827 tres,
3786 750 3936 818 282

1364 896 1804 984 triginta—tres
1853 897 1919 952 et
1943 883 2096 951 283
2143 881 2571 978 quadraginta
2622 882 2923 972 quinque
2946 882 3133 948 numi
3166 893 3631 974 apparuerunt.
3728 883 3933 960 Tum,

1363 1027 1432 1096 id
1484 1021 1670 1120 qnod
1715 1018 2208 1088 admirationem
2253 1023 2507 1083 moveat
2542 1037 2799 1083 neeesse
2840 1027 2967 1094 est,
3012 1019 3497 1086 nova-recurrit
3544 1017 3933 1096 diminutio,

1361 1187 1573 1258 usque
1623 1158 1707 1226 ad
1761 1179 2005 1225 ennum
2049 1152 2191 1220 281
2223 1155 2589 1244 pertinens,
2638 1173 2808 1244 quae
2844 1148 3007 1219 adeo
3060 1151 3367 1230 invaluit,
3420 1165 3499 1219 nt
3540 1171 3747 1222 annus
3778 1156 3928 1221 271

1362 1309 1430 1369 in
1485 1319 1620 1366 uno
1672 1304 1925 1361 tantum
2002 1287 2393 1354 numismate
2430 1287 2847 1355 inveniretur.
2974 1293 3059 1353 At
3138 1284 3710 1379 quemadmodum
3751 1271 3933 1356 'ratio
4070 1371 4079 1380 .

1361 1463 1397 1504 a
1449 1434 1637 1502 nobis
1684 1434 1844 1496 inita
1886 1431 1954 1493 in
2001 1446 2230 1518 genere
2282 1445 2513 1514 parum
2556 1419 2679 1486 sibi
2728 1431 3021 1499 constat,
3086 1425 3179 1487 sic
3215 1418 3335 1486 bac
3398 1423 3465 1485 in
3531 1443 3605 1488 re
3663 1443 3933 1514 quoque

1361 1573 1522 1636 mire
1581 1565 1873 1632 fluctuat.
1975 1557 2140 1627 Nam
2208 1558 2362 1622 anni
2414 1553 2563 1620 267
2614 1563 2680 1620 et
2730 1555 2914 1633 2⁷7,
2993 1555 3109 1647 qui
3160 1559 3508 1648 praecipue
3582 1557 3651 1622 in
3715 1560 3931 1622 numia

1359 1705 1750 1776 Armenicis,
1806 1718 1978 1763 anno
2025 1694 2221 1761 1840
2273 1697 2339 1757 in
2387 1678 2667 1758 blandis
2728 1692 2999 1783 repertis
3062 1687 3225 1784 (vid.
3278 1713 3421 1784 pag.
3464 1709 3637 1757 xxlv
3682 1713 3747 1757 n.
3800 1688 3930 1780 64)

1359 1848 1645 1914 exstant,
1711 1831 1826 1902 ille
1874 1842 2135 1898 centum
2181 1841 2246 1895 et
2299 1838 2616 1920 quatuor,
2664 1826 2773 1894 hic
2818 1831 3043 1920 viginti
3097 1825 3265 1894 dnos
3314 1827 3505 1894 nobis
3554 1825 3739 1895 dedit
3798 1825 3932 1894 dir-

1352 1965 1600 2034 hemos.
1703 1965 2014 2044 Quamvis
2065 1967 2284 2055 itaque
2336 1959 2421 2026 ab
2466 1982 2639 2027 anno
2684 1957 2973 2055 denique
3016 1961 3163 2026 281
3218 1984 3445 2028 eorum
3500 1985 3811 2033 numerus
3861 1969 3929 2032 in

1357 2107 1582 2174 Snecia
1647 2105 1874 2194 major·
1908 2115 2212 2197 appareat
2268 2113 2334 2171 et
2395 2097 2671 2196 singulis
2732 2107 2919 2168 annis
2970 2099 3407 2192 frequentior,
3486 2099 3663 2166 certo
3715 2111 3929 2166 tamen

1353 2239 1593 2302 tertius
1637 2243 1917 2300 statuere
1963 2254 2150 2325 posse
2174 2231 2364 2298 nobis
2404 2230 2739 2308 videmur,
2792 2237 3289 2306 commercium,
3340 2229 3527 2322 qnod
3570 2237 3737 2299 inter
3780 2234 3927 2301 Ori-

1351 2377 1569 2436 entem
1619 2383 1684 2437 et
1734 2371 2252 2462 Septentrionem
2299 2367 2769 2446 intercedebat,
2816 2369 2949 2458 jam
3024 2375 3187 2436 anni·
3230 2369 3380 2436 267
3431 2374 3723 2462 vegetius
3786 2369 3925 2438 fieri

1361 2511 1693 2600 incepisse.
1819 2507 2166 2574 Maximam
2232 2503 2473 2572 deinde
2541 2525 2891 2570 numorum
2959 2507 3213 2595 copiam
3264 2505 3333 2571 hi
3399 2509 3553 2572 anni
3615 2517 3929 2574 monstra-

1351 2656 1541 2711 runt:
1591 2643 1744 2712 297
1783 2648 2130 2736 nonaginta
2164 2665 2440 2720 novem,
2492 2640 2641 2707 298
2684 2644 3034 2733 nonaginta
3076 2653 3406 2734 quatuor,
3458 2643 3611 2712 299
3662 2655 3925 2712 centum

1352 2795 1420 2850 et
1478 2803 1622 2857 sex,
1678 2779 1830 2846 500
1881 2793 2148 2847 centum
2191 2793 2258 2846 et
2307 2777 2622 2860 sedecim,
2660 2783 2807 2849 501
2861 2783 3189 2874 octoginta
3258 2791 3324 2848 et
3372 2783 3523 2851 502
3577 2792 3925 2879 nonaginta

1345 2939 1485 2990 sex.
1589 2913 1692 2982 Ab
1759 2931 1927 2978 anno
1977 2909 2127 2978 544
2191 2911 2406 3001 (958,
2482 2907 2594 3002 6),
2670 2915 2787 3004 qui
2859 2909 3084 2980 decem
3134 2911 3333 2980 modo
3392 2915 3582 2982 nobis
3627 2917 3928 3010 praebuit

1351 3053 1721 3128 dirbemos,
1777 3053 1818 3115 ii
1874 3052 2074 3141 magis
2125 3053 2461 3143 magisque
2510 3049 2929 3133 decrescunt,
3002 3079 3121 3123 nec
3184 3060 3305 3123 nisi
3360 3060 3666 3149 sparsim,
3744 3047 3924 3120 haud

1347 3214 1493 3260 raro
1551 3183 1892 3254 intervallo
1943 3190 2251 3279 temporis
2297 3186 2593 3282 longiore
2617 3194 2985 3281 interjecto,
3029 3193 3270 3287 singuli
3323 3204 3668 3287 apparent,
3714 3190 3925 3257 donec

1347 3356 1494 3399 cum
1549 3353 1719 3397 anno
1771 3330 1919 3397 401
1978 3331 2232 3413 (1010,
2296 3330 2369 3423 1)
2419 3328 2611 3423 plane
2660 3322 3021 3397 desinant.¹

1549 3474 1843 3567 Spatium
1898 3474 2094 3567 igitur
2143 3496 2495 3553 annorum,
2552 3476 2801 3567 quibus
2845 3476 3124 3567 pecunia
3171 3468 3455 3536 Orientis
3504 3470 3569 3531 in
3624 3433 3921 3532 sueciam

1343 3618 1427 3678 sit
1481 3620 1768 3692 invecta,
1816 3618 1866 3679 si
1922 3638 1996 3680 ex
2050 3612 2162 3680 illa
2211 3618 2679 3707 supputatione
2751 3606 3142 3679 concludere
3218 3604 3313 3670 fas
3368 3614 3495 3678 est,
3566 3601 3661 3666 ⁷5
3722 3598 3921 3666 modo

1344 3777 1546 3820 annos
1594 3748 2120 3845 comprehendit,
2164 3754 2244 3818 ab
2296 3775 2467 3818 anno
2525 3752 2671 3817 888
2731 3750 2814 3816 ad
2862 3772 3103 3816 annum
3157 3746 3303 3811 955
3372 3753 3523 3835 post
3589 3742 3919 3811 Christum

1201 3914 1206 3919 ·
1342 3896 1565 3949 natum
1619 3895 2012 3950 numeratos.

1543 4068 1987 4153 Dynastiae
2053 4070 2816 4149 Muhammedanae‚
2894 4072 3137 4163 quibus
3200 4076 3385 4139 numi
3454 4073 3657 4139 nostri
3721 4068 3947 4165 origi·'

1339 4230 1490 4273 nem
1571 4202 1844 4282 debent,
1919 4228 2238 4273 summam
2287 4207 2449 4273 XXI
2495 4208 2629 4295 jam
2700 4213 3067 4303 attingunt,
3146 4235 3315 4302 quae
3377 4211 3643 4279 sortasse
3696 4212 3918 4283 dubiis

1335 4332 1739 4427 quibusdam
1789 4334 2004 4427 augeri
2031 4332 2302 4424 Ροιιεειι.2
2405 4335 2455 4399 1.
2509 4334 2895 4402 Uuasunan
2946 4337 3395 4417 ommam,
3452 4342 3571 4431 qui
3622 4338 3915 4409 Damasci
3968 4324 3974 4331 ⁸

1339 4530 1400 4592 1)
1435 4531 1502 4581 In
1535 4528 1636 4581 hac
1671 4531 2066 4599 conputatione
2097 4494 2326 4593 similes,
2367 4546 2501 4599 qnos
2537 4540 2760 4593 vocant,
2799 4548 2983 4585 numos
3020 4534 3176 4585 simul
3210 4538 3574 4590 adnumeravi.

1332 4644 1400 4713 2)
1472 4645 1666 4714 Qualis
1701 4653 1785 4697 est
1820 4644 1907 4699 cl.
1944 4646 2010 4698 11
2043 4664 2228 4699 numus
2275 4642 2403 4699 190
2435 4646 2614 4700 sunan
2650 4647 3047 4719 ibn-Wedjih,
3083 4650 3175 4719 qni
3212 4648 3458 4702 Onu-ani
3482 4650 3739 4718 dynasta,
3782 4664 3916 4701 eon·

1461 4738 1549 4783 tr·
1585 4730 1840 4784 namn
1877 4732 2174 4785 rebellavit.
