4709 6106
3109 575 3274 625 thx

780 765 1003 850 825),
1054 766 1257 832 hocce
1299 775 1537 856 gerunt
1580 785 1851 841 nom-en,
1925 759 2087 830 dum
2136 773 2424 854 quatuor
2473 756 2582 826 alii
2635 755 2924 848 ejusdem
2973 758 3254 835 ordinis,
3301 785 3366 834 ι.

788 901 1188 968 172—174
1238 899 1737 990 ivm—781),
1782 898 2111 988 Sedjestan
2136 921 2257 992 pro
2306 897 2740 991 metropoleos
2790 901 3053 964 nomine
3098 895 3362 964 habent·

982 1100 1502 1191 Septentrionem
1550 1104 1685 1190 jam
1737 1110 2061 1192 petentes,
2109 1098 2293 1186 juxta
2346 1080 2627 1166 Pontum
2679 1097 3007 1166 Euxinum
3065 1111 3130 1164 et
3179 1097 3362 1164 Mare

780 1231 1121 1325 Caspicum
1174 1223 1465 1326 regiones
1514 1239 1893 1332 attingimus
1950 1239 2524 1313 Anunanmutue,
2578 1239 2841 1302 Annam
2891 1245 2958 1300 et
2981 1238 3360 1308 Annuus,

777 1397 951 1466 quae
1030 1375 1217 1466 quasi
1289 1381 1509 1466 portas
1563 1372 1947 1452 effecerunt,
2024 1395 2141 1467 per
2190 1394 2354 1465 quas
2428 1371 2530 1436 via
2607 1375 2674 1436 in
2735 1369 3064 1461 Europam
3117 1372 3358 1462 patuit.

779 1493 1119 1577 Armeniae
1184 1501 1343 1574 urbs
1422 1510 1721 1598 primaria
1794 1503 1923 1572 suit
2004 1507 2269 1574 Dowin
2322 1529 2374 1572 s.
2427 1503 2683 1586 Debil,
2758 1510 2824 1571 in
2892 1509 3110 1572 numis
3179 1501 3362 1595 apud

774 1667 893 1711 nos
940 1642 1235 1710 nondum
1312 1647 1481 1719 visa:
1548 1656 1616 1708 at
1674 1631 1816 1729 ejus
1859 1640 2007 1706 loeo
2089 1647 2392 1714 Armenia
2463 1649 2530 1709 in
2597 1641 2748 1736 plus
2828 1640 2973 1705 160
3045 1643 3362 1718 occurrit,

774 1801 1055 1870 quorum
1090 1779 1325 1842 ‘tamen
1348 1773 1539 1842 multi
1596 1779 1663 1842 in
1708 1775 1983 1842 Reversa
2024 1773 2386 1848 Berdaam
2410 1830 2440 1857 ,
2483 1783 2709 1844 Arrani
2759 1786 2956 1865 caput
2985 1771 3358 1841 ostendunt.

776 1915 1129 1982 Miscentur
1178 1917 1351 1980 enim
1404 1910 1771 2001 saepissime
1818 1918 2083 1978 nomina
2130 1913 2357 1980 barum
2393 1919 2908 2006 provinciarum,
2959 1915 3202 2008 quihus
3225 1936 3362 1980 non

772 2071 915 2115 raro
973 2046 1147 2116 idem
1203 2047 1510 2114 omnibus
1562 2058 1699 2114 erat
1775 2043 2163 2136 praefectus.
2264 2045 2346 2113 Hi
2393 2053 2575 2114 numi
2629 2049 2974 2115 armeniaci
3025 2071 3062 2112 a
3104 2045 3364 2112 khalifis

773 2188 1087 2276 originem
1139 2181 1423 2258 ducunt,
1478 2194 1544 2284 et
1594 2205 1648 2247 a.
1704 2180 2056 2248 96-502
2110 2182 2577 2262 (714--9153
2608 2185 2747 2250 cusi
2773 2197 2946 2253 sunt.
3019 2185 3168 2252 Non
3219 2189 3361 2251 sine

771 2343 1025 2386 summa
1073 2323 1359 2387 veritatis
1408 2326 1621 2413 specie
1658 2321 2025 2386 Fnamus
2051 2314 2271 2384 locum
2297 2317 2621 2401 dubium,
2674 2314 2940 2386 Maden
2987 2314 3353 2386 Bakhines

774 2445 919 2520 i.'e.
1000 2452 1295 2541 sodina
1369 2455 1917 2524 Bakhinensis
2004 2448 2438 2544 appellatum,
2522 2457 2864 2522 Armeniae
2937 2453 3360 2532 adnumerat,

770 2592 885 2681 qui
948 2592 1015 2654 in
1070 2590 1118 2654 4
1170 2587 1559 2658 abbasidicis
1609 2593 1861 2668 numis,
1919 2612 1975 2653 a.
2034 2587 2433 2655 195—209
2485 2587 2948 2680 4810—825)
3015 2595 3362 2657 invenitur.

773 2719 1067 2792 Berdaa
1124 2748 1309 2805 vero,
1366 2731 1576 2820 prima
1635 2727 1865 2792 Arrani
1906 2725 2166 2801 civitas,
2218 2727 2291 2790 in
2345 2724 2442 2790 25
2498 2723 2788 2814 ejusdem
2835 2725 3055 2796 classis
3103 2731 3360 2802 nunus,

772 2883 829 2926 a.
880 2858 1281 2927 268—292
1333 2861 1827 2948 (affl—905),
1882 2857 2105 2926 adhuc
2154 2881 2223 2924 se
2270 2857 2591 2938 ostendit,
2621 2857 2780 2927 dum
2827 2859 3122 2940 Art-an,
3151 2862 3360 2952 ipsius

768 2998 1048 3089 regionis
1120 3017 1359 3063 nomen
1442 2999 1510 3062 in
1590 2996 1632 3061 5
1686 3006 1941 3063 tantum
1992 2989 2315 3083 ejusmodi
2395 2992 2740 3075 din-hemis,
2816 3021 2871 3063 a.
2964 2995 3362 3065 155-217

772 3131 1243 3211 (770—855)
1288 3136 1613 3224 apparuit.
1715 3128 2010 3199 Berdaae.
2034 3153 2091 3193 a.
2140 3133 2580 3217 septentrione
2631 3124 2850 3222 Tgflc's
2887 3131 3128 3219 jacuit,
3161 3153 3361 3223 quam

768 3257 881 3326 alii
928 3267 1211 3340 Arrano,
1274 3260 1385 3329 alii
1454 3260 1977 3349 Adherbidjanae
2045 3258 2464 3331 addiderunt.
2567 3265 2712 3334 Duo
2791 3264 2917 3334 soli
2971 3263 3361 3351 abbasidiei,

770 3422 828 3463 a.
881 3399 1030 3464 210
1081 3362 1280 3491 (825,
1342 3396 1532 3493 ⁶10⁸
1581 3396 1728 3463 294
1790 3395 1996 3478 (906,
2050 3398 2131 3477 ⁷)
2180 3402 2356 3476 cusi,
2421 3400 2589 3465 hanc
2637 3401 2868 3467 urbem
2918 3411 3362 3467 monstrarunt

756 3530 1181 3633 monetalem.
1278 3532 1482 3625 Magis
1530 3529 1613 3598 ad
1673 3542 1965 3597 austrum
2020 3543 2087 3598 et
2135 3538 2296 3599 mari
2363 3539 2618 3628 caspico
2684 3540 2954 3629 propius
3022 3530 3362 3614 Ardebil,

768 3679 967 3758 caput
1013 3663 1539 3755 Adherbidjanae
1589 3671 1975 3733 invenimus.
2079 3669 2156 3735 In
2206 3672 2428 3736 numis
2467 3668 2642 3761 apud
2696 3692 2817 3737 nos
2869 3667 3168 3737 nondum
3209 3690 3365 3736 con·

768 3812 1245 3893 spectum.ost;
1302 3812 1369 3865 at
1402 3822 1521 3893 pro
1568 3820 1647 3867 co
1697 3805 2069 3892 provinciae
2111 3824 2353 3871 nomen
2405 3808 2474 3871 in
2527 3806 2572 3869 ὅ
2637 3802 3032 3871 abbasidieis
3089 3802 3362 3898 legitur,

770 3958 828 4001 a.
890 3934 1289 4001 166—280
1344 3936 1809 4021 (nm—894)
1866 3933 2216 4005 fabricatis.

976 4161 1505 4256 Adherbidjanae
1546 4169 1631 4236 ab
1683 4180 1901 4239 austro
1956 4182 2023 4239 et
2089 4172 2303 4239 Iracae
2352 4172 2642 4241 arabicae
2707 4174 2792 4241 ab
2856 4177 3104 4243 oriente
3165 4177 3370 4263 jacuit

770 4301 949 4393 regio
1000 4298 1354 4367 Kumsun.
1407 4307 1451 4369 i.
1499 4328 1555 4371 e.
1601 4304 2017 4385 Montana,
2062 4306 2157 4381 ..ah
2197 4306 2524 4376 Arabibus
2570 4308 2705 4395 jam
2766 4304 3184 4406 el-Djebal,
3229 4312 3363 4397 jam

768 4436 1353 4537 Jraq-el-Adjom
1410 4444 1453 4505 i.
1503 4463 1561 4509 e.
1615 4442 1847 4511 Iraea
1904 4442 2335 4511 Persarum
2385 4446 2734 4509 nominata.
2777 4442 2897 4509 Via
2916 4456 3365 4521 mercatorum,

764 4600 935 4673 quae
986 4581 1053 4643 in
1108 4574 1551 4647 Khormmm
1613 4585 1933 4670 perrexit,
2001 4577 2171 4649 hanc
2232 4579 2586 4673 permeavit
2638 4581 3058 4671 provinciam·
3159 4580 3238 4651 In
3287 4606 3362 4651 οι
