4709 6106
3065 605 3278 665 unx

802 787 1049 854 uorum
1094 784 1379 854 indicem
1432 792 1615 880 regia.
1648 786 1759 854 illa
1808 785 2130 860 academia
2166 798 2397 860 servat.
2447 785 2560 858 His
2591 796 2810 878 postca
2843 795 3250 857 aweoeeruut
3278 785 3375 854 m
3409 844 3416 854 .

799 921 951 992 novi
971 901 1015 998 ,¹
1044 943 1217 1012 quos
1258 943 1431 990 anno
1490 923 1685 992 1771
1738 922 2039 998 (lamus
2080 925 2506 993 Δυιινιιιιπε
2537 933 2676 990 erat
2701 926 3175 1012 interpretatus.
3228 918 3375 988 Alia

798 1076 1075 1147 quoque
1128 1053 1309 1128 adest
1364 1056 1510 1123 153
1578 1054 2021 1130 dirhemomm
2092 1062 2378 1126 recemio
2447 1061 2728 1149 optima,
2803 1057 2972 1122 circa
3023 1051 3198 1122 idem
3243 1051 3379 1122 fere

797 1201 1059 1280 tempus
1109 1189 1193 1257 ab
1246 1193 1639 1260 Auanvituo
1683 1189 1915 1261 eodem
1968 1186 2293 1271 confecta,
2360 1193 2605 1284 quibus
2663 1189 2854 1258 multi
2907 1195 3158 1264 inerant
3200 1194 3378 1260 simi-

796 1323 911 1396 les.
1013 1324 1187 1396 Talia
1229 1339 1366 1394 erat
1410 1325 1817 1398 collectionis
1864 1327 2107 1400 cuficae
2162 1339 2494 1421 aspectus,
2571 1351 2786 1422 quum
2859 1351 3001 1394 eam
3051 1325 3377 1396 academia

799 1464 1134 1553 reciperet.
1234 1467 1324 1530 At
1366 1464 1501 1552 jam
1550 1487 1719 1532 anno
1771 1465 1967 1532 1787
1982 1514 2000 1544 ,
2070 1486 2207 1559 quo
2260 1465 2329 1532 Ρ.
2383 1465 2826 1543 Matusrnou,
2897 1461 2964 1530 h.
3021 1473 3070 1530 t.
3129 1461 3376 1529 Biblio-

798 1593 1121 1666 thecarius
1172 1599 1390 1689 regius
1418 1612 1483 1666 et
1510 1592 1867 1692 professor,
1926 1610 2189 1668 auctore
2218 1597 2427 1670 libero
2459 1598 2800 1674 baroneG.
2827 1601 2906 1672 G.
2947 1606 3338 1672 Amnum!
3361 1651 3376 1678 ,

795 1752 1148 1802 numorum
1194 1729 1559 1801 cuficorum
1610 1731 2111 1825 descriptionem
2166 1759 2388 1828 parare
2435 1739 2775 1829 inciperet,
2827 1735 2994 1806 adeo
3039 1748 3228 1804 aucta
3279 1749 3376 1804 est

797 1861 1135 1942 collectio,
1188 1878 1264 1934 ut
1316 1867 1463 1932 785
1493 1864 1821 1934 dirhemos
1849 1877 1915 1936 et
1942 1867 1991 1934 4
2020 1866 2279 1938 dinaros
2312 1880 2620 1966 (quorum
2649 1886 2864 1938 tamen
2899 1885 3026 1940 tres
3056 1877 3120 1941 in
3150 1871 3376 1942 Suecia

797 2019 927 2064 non
972 2001 1209 2092 reperti
1263 1997 1451 2092 sunt)
1526 2000 2132 2093 comprehenderet,
2206 2010 2378 2076 inter
2429 2028 2596 2100 quos
2653 2007 2799 2073 258
2848 2003 3092 2076 similes
3146 2003 3376 2074 Malui-

794 2143 999 2201 strom
1052 2137 1319 2200 invenit.
1424 2135 1659 2202 Sumtu
1712 2135 2077 2207 academiae
2150 2139 2392 2208 horum
2439 2144 2732 2208 omnium
2782 2144 3218 2206 recensionem
3267 2136 3380 2203 ille

800 2267 1201 2349 elaboravit,
1250 2271 1438 2358 cujus
1485 2296 1568 2342 ne
1592 2270 2228 2366 vestigiumquidem
2250 2273 2382 2361 jam
2413 2288 2725 2367 superest.
2777 2277 2984 2350 Simul
3016 2281 3114 2347 84
3142 2303 3376 2346 numos

797 2404 925 2470 aeri
976 2401 1358 2471 incidendos
1430 2409 1712 2484 curavit,
1771 2429 2053 2500 quorum
2132 2410 2475 2502 imagines,
2531 2414 2596 2476 in
2659 2424 2907 2505 septem
2965 2412 3143 2481 soliis
3188 2414 3374 2508 prelo

796 2559 1126 2627 expressas
1175 2542 1245 2602 in
1284 2534 1648 2605 academiae
1696 2539 2197 2611 collectionibus
2246 2543 2662 2639 perlustravi.
2744 2548 3115 2618 Delineatae
3147 2547 3375 2618 viden-

796 2689 905 2745 tur
958 2702 1093 2746 non
1147 2677 1231 2746 ad
1284 2685 1460 2774 ipsos
1511 2704 1777 2760 numos,
1820 2681 1934 2750 sed
1967 2683 2049 2749 ad
2079 2689 2397 2777 picturas,
2448 2684 2531 2749 ab
2569 2647 2914 2778 interprete
2941 2691 3084 2779 ipso
3113 2685 3379 2756 sortasse

797 2826 1081 2907 paratas,
1131 2841 1333 2911 quare
1382 2817 1629 2888 factum
1684 2835 1815 2898 est,
1866 2831 1947 2886 ut
1996 2822 2256 2918 saepius
2283 2825 2613 2886 averitate
2641 2843 2771 2888 non
2803 2843 3032 2913 parum
3054 2819 3377 2889 recedant.

796 2950 1081 3020 Tabulae
1130 2974 1365 3018 aeneae
1416 2951 1529 3016 ubi
1578 2955 1742 3030 sint,
1797 2976 1899 3020 me
1952 2951 2128 3020 latet.
2230 2958 2424 3021 Anno
2482 2955 2676 3022 1786
2723 2954 3092 3026 decreverat
3155 2956 3378 3026 acade—

798 3093 963 3169 mia,
1012 3103 1090 3158 ut
1144 3088 1493 3184 descriptio
1572 3089 2121 3159 malmstromiana
2176 3114 2305 3159 una
2358 3114 2510 3159 cum
2562 3092 2783 3186 figuris
2829 3090 3190 3162 ederetur.²
3266 3096 3378 3161 Ni-

798 3224 1163 3295 hilominus
1235 3251 1407 3296 anno
1494 3230 1687 3300 1798
1762 3239 2060 3326 queritur
2108 3234 2518 3303 Malmstrom
2570 3239 2640 3303 in
2693 3234 2928 3304 litteris
2982 3232 3064 3301 ad
3099 3234 3379 3303 Freden-

795 3370 1004 3449 heim,
1050 3370 1521 3439 cancellarium
1572 3370 1795 3451 aulae,
1838 3366 2081 3451 datis,²
2128 3371 2632 3467 descriptionem
2675 3399 2896 3453 suam,
2944 3376 3074 3464 jam
3123 3374 3373 3469 pridem

799 3512 983 3605 prelo
1040 3523 1361 3605 paratam,
1412 3512 1685 3602 pecunia
1738 3506 2097 3587 deficiente,
2149 3510 2444 3579 nondum
2498 3510 2740 3579 editam
2789 3537 2942 3581 esse.
3005 3515 3104 3581 lta
3156 3519 3376 3607 incep-

796 3662 946 3713 tum
1004 3648 1273 3713 cessavit
1322 3640 1673 3712 laudabile.
1774 3642 2005 3733 Neque
2054 3647 2235 3735 prius
2286 3640 2544 3735 aliquid
2587 3639 2672 3709 de
2716 3642 2838 3709 bac
2883 3665 2954 3709 re
2980 3645 3378 3734 accepimus,

801 3808 1001 3879 quam
1044 3804 1215 3849 anno
1270 3782 1501 3857 18⁰5,
1586 3802 1724 3872 quo
1802 3779 2006 3847 Jonas
2059 3782 2530 3861 numnam,
2612 3786 2790 3875 regni
2861 3782 3263 3872 antiquarius
3316 3790 3380 3845 et

799 3916 1249 4013 numophylax
1312 3920 1761 3994 renuntiatus,
1823 3916 2408 4011 numopbylacium
2472 3920 2720 4009 regium
2778 3940 2816 3983 a
2865 3920 3052 3981 ruina
3105 3919 3379 3981 servavit

802 4048 1239 4135 imminente³,
1293 4066 1359 4121 et
1410 4076 1645 4121 numos
1692 4053 1962 4133 cuficos,
2015 4076 2189 4145 quos
2242 4052 2421 4121 domi
2491 4052 2706 4122 adhuc
2750 4077 2970 4141 secum
3028 4058 3382 4123 retinuerat

805 4172 1309 4213 ...---——.2-—

808 4250 873 4317 1)
943 4250 1075 4301 Via.
1122 4250 1317 4319 Rev-91.
1360 4249 1643 4303 Vitta-leta
1679 4250 1915 4303 Hister-ie
1949 4250 2043 4305 cel
2076 4251 2402 4324 Antiquitas
2439 4251 2790 4305 Academicus
2826 4251 3202 4326 Basiliaqoer,
3255 4252 3380 4303 vol.

936 4334 999 4397 1,
1039 4352 1167 4405 pag.
1212 4333 1352 4387 1⁷5.
2915 4377 2918 4380 .

802 4456 873 4519 Ω)
940 4456 1009 4509 In
1044 4458 1349 4509 academiae
1386 4457 1813 4511 collectionibus.

802 4575 872 4637 3)
943 4574 1065 4627 cfr.
1122 4574 1245 4627 ἔστι.
1284 4572 1429 4625 Hau
1438 4592 1627 4627 enatae
1642 4614 1660 4637 ,
1718 4575 2016 4629 Berittelse
2068 4592 2148 4627 οι·
2200 4575 2392 4651 Ronql.
2447 4574 2686 4629 Samira
2737 4575 3184 4645 Hynteabt'naettet.
3256 4570 3373 4623 Stl.

940 4661 1111 4723 180⁴,
1156 4658 1303 4728 4:to,
1339 4676 1395 4729 p.
1434 4656 1561 4711 249
1599 4668 1701 4714 eet.
