4709 6106
1451 639 1560 688 LV!
1673 665 1686 670 -

1354 823 1520 887 rium
1575 814 2032 887 condiderunt.
2133 821 2306 886 Ante
2351 815 2584 886 urbem
2664 817 2779 884 Fes
2829 837 2999 884 anuo
3062 815 3209 884 191
3286 815 3503 900 (806,
3554 815 3637 901 7)
3703 811 3921 884 aedifi·

1352 966 1559 1026 cmm
1581 1005 1601 1034 ,
1657 953 1764 1024 W
1757 957 1932 1024 elila
1957 962 2137 1052 regni
2191 969 2391 1052 caput
2440 969 2597 1028 erat.
2699 959 2958 1027 Praeter
3006 957 3363 1054 fragmenta
3421 963 3709 1034 minuta,
3754 965 3927 1051 quae

1350 1089 1531 1158 urbis
1580 1103 1646 1157 at
1700 1093 1848 1158 anni
1901 1089 2157 1160 indiciis
2205 1093 2541 1170 carebant,
2612 1094 2708 1161 12
2750 1091 3029 1162 dir-hemi
3100 1095 3382 1164 duorum
3448 1101 3741 1194 priorum
3804 1093 3925 1182 dy-

1349 1233 1592 1298 nastiae
1645 1249 1906 1319 regum,
1959 1251 2131 1295 anno
2177 1231 2577 1302 1⁷4-183
2642 1237 3109 1323 (wo-800)
3159 1241 3451 1332 protensi,
3524 1235 3610 1303 ad
3674 1247 3924 1322 nostras

1347 1389 1492 1434 oras
1537 1377 1695 1434 sunt
1733 1366 2005 1436 advecti.
2053 1406 2129 1424 --
2180 1369 2285 1438 vl.
2339 1372 2517 1439 Inter
2558 1369 2883 1459 dynastias
2913 1378 3103 1441 Asiae
3131 1377 3501 1444 Tamutnn
3541 1347 3757 1441 ‘aetate
3788 1375 3919 1465 pri-

1350 1495 1532 1576 mum
1581 1517 1908 1599 occupant
1968 1504 2214 1576 locum.
2313 1507 2511 1575 Numi
2566 1529 2790 1575 eorum
2844 1505 2951 1573 bic
3002 1508 3086 1574 ab
3136 1467 3515 1574 anno-208
3566 1503 3783 1586 (823,
3837 1502 3921 1583 4)

1347 1655 1702 1746 incipiunt,
1754 1664 1820 1721 et
1871 1657 1939 1720 in
2007 1674 2178 1720 anno
2244 1650 2399 1717 2157
2474 1651 2687 1734 (8⁷1)
2759 1651 3141 1718 subsistunt.
3242 1631 3584 1740 Religione
3636 1639 3921 1737 quadam

1346 1781 1527 1850 ducti
1579 1783 1842 1848 nomina
1893 1803 2007 1846 sua
2057 1777 2125 1844 bi
2194 1799 2336 1845 raro
2401 1779 2620 1841 numis
2673 1777 3172 1864 inscripserunt,
3234 1792 3443 1863 quare
3491 1767 3739 1835 factum
3790 1776 3919 1842 est,

1347 1927 1425 1982 ut
1479 1913 1596 1981 diu
1650 1915 1718 1981 in
1771 1903 1972 1981 classe
2024 1909 2506 1982 Abbasidarum
2579 1907 3071 1975 collocarentur.
3174 1903 3440 1994 Ingenio
3508 1898 3786 1965 ΕΒΗ-,ιω
3846 1915 3918 1959 ea

1346 2077 1614 2149 quoque
1664 2049 1945 2119 debetur
1997 2049 2174 2127 laus,
2225 2061 2302 2117 ut
2354 2053 2604 2144 primus
2664 2048 2781 2115 hos
2836 2045 3162 2112 dirbemos
3226 2039 3633 2134 dignosceret
3696 2049 3763 2104 et
3823 2057 3919 2102 se-

1347 2201 1630 2282 pararet,
1682 2157 1750 2255 id
1795 2184 1980 2281 quod
2011 2181 2208 2250 modo
2261 2182 2567 2251 historiae
2616 2203 2743 2274 ope
2789 2181 2923 2248 fieri
2966 2184 3217 2274 potuit,
3288 2198 3500 2272 quum
3548 2173 3686 2244 sola
3738 2172 3917 2254 loca,

1345 2327 1460 2396 ubi
1520 2329 1656 2392 cusi
1710 2334 1895 2402 sunt,
1971 2327 2022 2388 si
2095 2319 2417 2389 Tabiridis
2488 2321 2849 2414 paruerint,
2925 2319 3092 2386 hano
3168 2315 3457 2384 indicant
3535 2314 3914 2408 dynastiam.

1348 2474 1554 2533 Antea
1609 2469 1878 2531 rariores
1931 2461 2030 2528 his
2094 2464 2436 2552 postremis
2508 2459 2911 2552 temporibus
2960 2455 3125 2524 adeo
3176 2465 3521 2523 creverunt
3578 2452 3918 2541 hujusmo-

1345 2601 1434 2668 do
1483 2604 1702 2680 numi,
1746 2613 1824 2666 ut
1870 2602 2000 2687 jam
2047 2622 2365 2664 summam
2422 2599 2564 2665 140
2616 2607 3069 2689 superent.—
3100 2596 3242 2662 Vn.
3292 2591 3752 2670 Sornnmats
3782 2595 3917 2658 rui·

1343 2765 1425 2807 na
1476 2737 1924 2809 Tabiridarum
1979 2739 2043 2799 in
2099 2737 2445 2825 imperium
2496 2735 2741 2807 evecti,
2786 2753 2935 2798 mox
2986 2725 3195 2796 eidem
3244 2727 3377 2795 sato
3430 2728 3918 2806 occubuerunt,

1343 2873 1424 2939 ab
1477 2867 1738 2939 Ismailo
1793 2864 2242 2944 ben-Ahmed,
2295 2863 2636 2938 Samanida
2693 2865 2811 2933 illo
2858 2863 3332 2941 illustrissimo,
3400 2887 3597 2958 regno
3638 2861 3916 2957 expulsi.

1346 3003 1442 3073 Ex
1495 3007 1708 3073 numis
1752 3027 2011 3085 eorum,
2068 3007 2186 3097 qui
2239 3009 2306 3071 in
2365 3003 2793 3072 Sueeia'sunt
2838 3005 3119 3080 inventi,
3172 3004 3527 3071 rarioribus
3578 3013 3644 3072 et
3701 3006 3911 3096 magni

1345 3146 1576 3233 pretii,
1633 3144 1732 3211 52
1774 3155 2156 3234 supersunt,
2213 3166 2269 3207 a.
2323 3140 2728 3208 259-295
2758 3139 3211 3227 (872—906)
3237 3137 3553 3206 fabricati.
3601 3176 3700 3195 --
3745 3138 3917 3207 vlu.

1339 3277 1564 3345 Medio
1613 3278 1834 3347 seculo
1890 3280 2140 3369 bidji-ae
2220 3282 2436 3347 tertiio
2524 3274 2899 3347 El-Hasan
2974 3276 3362 3358 ben-Zeid,
3426 3278 3661 3349 assecla
3708 3288 3921 3371 gentis

1339 3412 1680 3483 Alidarum
1747 3420 2125 3494 acerrimus,
2201 3420 2265 3481 in
2358 3417 2769 3483 Taberistana
2862 3421 3343 3511 provinciisque
3420 3418 3575 3484 huic
3653 3422 3915 3495 vicinis,

1336 3546 1619 3617 khalisae
1658 3542 2096 3614 obedientiam
2129 3551 2637 3623 renuntiaverat,
2693 3556 2759 3613 et
2786 3543 3166 3615 condiderat
3209 3555 3685 3645 principatum,
3730 3556 3916 3642 cujus

1337 3682 1585 3752 domini
1643 3708 1676 3749 a
1731 3680 2066 3749 conditore
2105 3707 2341 3750 nomen
2396 3682 2800 3750 mensntm
2852 3697 3258 3776 acceperunt.
3365 3686 3675 3779 Quinque
3720 3688 3917 3775 liujus

1335 3816 1719 3891 el-Hasani
1787 3827 2212 3899 numismata,
2280 3848 2334 3887 a.
2405 3822 2807 3891 267-270
2873 3806 3329 3917 (8804884)
3396 3848 3580 3903 cusa,
3658 3837 3723 3892 et
3782 3822 3913 3891 for-

1334 3968 1495 4023 tasse
1548 3954 1763 4031 aliud,
1815 3954 2000 4046 quod
2062 3954 2309 4023 dubius
2382 3962 2445 4023 in
2510 3958 2711 4028 classe
2762 3961 2859 4038 ll,
2922 3962 3044 4029 N:o
3110 3962 3256 4028 527
3314 3968 3479 4056 (pag.
3546 3962 3691 4029 119
3744 3972 3914 4028 cata·

1334 4097 1464 4190 logi
1517 4098 1730 4188 hujus)
1782 4100 2004 4190 posui,
2066 4101 2132 4163 in
2182 4098 2359 4165 hunc
2412 4096 2709 4167 ordinem
2758 4096 3091 4167 referenda
3145 4112 3315 4167 sunt.
3368 4136 3466 4152 —-
3516 4098 3633 4173 lx.
3712 4096 3908 4168 Numi

1331 4232 1832 4307 Ssrumnanmt,
1903 4235 2198 4296 omnium
2267 4230 2332 4295 ln
2402 4231 2853 4323 septentrione
2929 4228 3476 4320 frequentissimi,
3538 4230 3773 4320 partim
3842 4232 3909 4291 in

1329 4362 1886 4432 navem-el-Nahr
1934 4362 2431 4457 (Transoxana),
2482 4370 2711 4458 partim
2776 4371 2840 4431 in
2910 4366 3317 4445 Khorasana,
3382 4389 3451 4431 a.-
3508 4364 3910 4431 280-567

1326 4498 1778 4585 (895—978)
1848 4500 2018 4574 cusi,
2085 4502 2199 4588 qui
2265 4509 2513 4589 septem
2588 4495 2917 4585 dynastiae
2986 4503 3313 4593 principes
3379 4498 3721 4575 exhibent,
3779 4510 3911 4565 tam

1327 4644 1654 4707 numerosi
1711 4647 2092 4713 occurrunt,
2143 4648 2216 4701 ut
2270 4634 2421 4729 plus
2488 4630 2653 4702 duas
2702 4642 2995 4703 omnium
3054 4643 3461 4705 inventorum
3522 4652 3733 4732 partes
3786 4640 3912 4707 effi·
