4709 6106
1369 657 1374 662 ,
1471 601 1610 650 uu

1369 775 1644 842 Habitus
1679 793 1957 868 quoque
1983 783 2292 844 externus
2341 797 2569 844 eorum
2622 799 2755 848 non
2810 785 2989 873 parvi
3014 791 3115 850 est
3148 785 3493 850 momenti:
3520 803 3749 850 omues
3774 779 3966 850 valde

1365 906 1608 984 attriti,
1649 901 1878 984 fracti,
1923 909 2056 972 imo
2105 905 2503 988 oblitterati,
2576 912 2807 982 itinera
2854 911 3151 1010 longiora
3202 922 3595 1009 percurrisse
3627 915 3965 994 videntur,

1365 1054 1714 1152 autequam
1765 1049 1838 1112 in
1901 1055 2068 1114 terra
2097 1045 2365 1114 Sueciae
2388 1059 2600 1116 esseut
2648 1047 2917 1142 sepulti.
3020 1049 3423 1118 Crediderim
3475 1055 3677 1144 igitur
3714 1057 3968 1144 potius,

1369 1185 1568 1273 hujus
1615 1153 1866 1278 generis
1920 1187 2250 1256 dirhemos
2302 1195 2587 1282 primum
2640 1195 2711 1258 iu
2764 1195 2982 1260 Asiam
3034 1196 3243 1260 ivisse.
3296 1193 3391 1260 Eo
3429 1197 3771 1285 pecuniam
3813 1192 3965 1259 asri-

1371 1345 1596 1390 canam
1645 1345 1782 1390 esse
1834 1321 2136 1400 allatam,
2179 1349 2294 1417 per
2347 1349 2418 1392 se
2468 1331 2623 1393 satis
2668 1323 2901 1418 liquet.
2960 1325 3105 1392 Non
3158 1323 3430 1418 vectigal
3484 1323 3705 1392 solum
3735 1327 3965 1392 harum

1370 1459 1851 1548 provinciarum
1907 1464 1976 1524 in
2057 1459 2435 1524 thesaurum
2514 1454 2818 1524 Khalifae
2894 1455 3279 1531 vehem-tun
3355 1470 3666 1549 quantam
3716 1458 3963 1549 argenti

1367 1593 1502 1653 vim
1551 1587 1818 1664 itinera,
1863 1586 2096 1680 templi
2147 1590 2433 1654 meccani
2485 1585 2734 1654 visendi
2786 1607 3009 1652 caussa
3060 1597 3388 1679 suscepta,
3441 1611 3611 1679 quae
3650 1585 3779 1652 hoc
3804 1605 3963 1652 aevo

1368 1745 1450 1790 eo
1509 1722 1814 1816 vigebant
1877 1719 2144 1802 ardore,
2212 1735 2290 1789 ut
2351 1747 2432 1792 ex
2498 1722 2811 1790 omnibus
2872 1727 3068 1792 etiam
3119 1728 3566 1793 remotissimis
3626 1721 3965 1792 islamismi

1369 1855 1613 1924 finibus
1657 1856 1954 1924 homines
2003 1860 2072 1922 in
2122 1855 2431 1922 Arabiam
2484 1856 2919 1934 confluerent,
2970 1865 3281 1948 quantam
3331 1865 3691 1922 mercatura
3739 1865 3965 1946 postu-

1371 1979 1569 2063 laret,
1619 2011 1812 2056 nemo
1888 2010 2022 2056 non
2098 1985 2352 2056 viderit.
2456 1987 2553 2054 Ex
2608 1991 2761 2055 Asia
2810 1986 3049 2056 deinde
3098 2011 3251 2056 cum
3297 1984 3609 2055 dirhemis
3658 1993 3965 2066 asiaticis,

1369 2129 1768 2218 quibuscum
1846 2153 2102 2222 semper
2167 2128 2503 2215 conjuncti
2551 2122 2817 2190 africani
2886 2107 3069 2214 apud
3116 2113 3236 2189 nos
3284 2135 3679 2204 occurrunt,
3732 2124 3961 2192 iisdem

1367 2272 1492 2332 viis
1539 2273 1606 2334 iu
1659 2269 1992 2360 Europam
2043 2270 2377 2360 importati
2426 2267 2497 2333 hi
2566 2279 2763 2346 suut,
2840 2268 3093 2360 quibus
3142 2265 3383 2360 reliqui
3438 2269 3963 2360 immigraveriut.

1370 2396 1740 2466 Tacendum
1785 2421 1920 2466 non
1959 2410 2089 2478 est,
2169 2403 2559 2466 numismata
2610 2395 2894 2465 africana
2938 2420 3091 2466 cum
3140 2398 3555 2466 samanidieis
3599 2421 3963 2491 numquam

1371 2536 1440 2597 in
1489 2533 1722 2600 Suecia
1765 2555 1902 2602 ene
1941 2537 2236 2612 inventa,
2287 2543 2353 2599 et
2414 2536 2883 2624 antiquissimis
2932 2535 3133 2625 igitur
3182 2532 3494 2599 thesauris
3546 2531 3961 2620 hujusmodi,

1375 2678 1490 2764 qui
1541 2697 1580 2740 e
1630 2685 1798 2738 terra
1839 2693 2114 2738 suecana
2165 2677 2332 2740 eruti
2382 2686 2569 2750 sunt,
2618 2664 3165 2739 adnumeranda.¹

1572 2923 1867 2995 Ausum,
1921 2921 2126 3010 patria
2179 2915 2547 2996 islamismi,
2620 2919 2851 2982 vicinis
2917 2917 3101 2980 terris
3154 2911 3425 2981 devictis
3465 2936 3597 2981 non
3638 2918 3961 3007 principa·

1371 3062 1518 3117 tum
1570 3049 1786 3119 solum
1837 3048 1948 3117 sed
1999 3073 2258 3118 omnem
2310 3055 2505 3118 etiam
2562 3056 2760 3116 animi
2806 3047 3057 3118 cultum
3112 3073 3263 3117 mox
3310 3051 3647 3117 concessit.
3748 3047 3959 3128 Quem

1371 3183 1455 3252 ad
1511 3184 1778 3251 modum
1834 3195 2047 3251 nostra
2104 3196 2483 3277 tempestate
2534 3183 2653 3251 hae
2700 3184 2991 3275 regiones
3054 3188 3385 3276 peregrina
3468 3193 3758 3248 utuntur
3818 3203 3957 3248 mo-

1373 3332 1554 3397 neta,
1595 3324 1688 3384 sic
1736 3317 1902 3397 illis,
1955 3316 2038 3384 de
2089 3319 2333 3411 quibus
2387 3316 2760 3409 loquimur,
2838 3320 3246 3411 temporibus
3297 3316 3575 3385 artifices
3625 3318 3741 3385 ibi‘
3772 3316 3959 3385 desu-

1371 3456 1492 3519 isse
1546 3452 1854 3520 videntur
1906 3450 2157 3528 idonei,
2210 3452 2327 3542 qui
2377 3474 2611 3516 numos
2662 3450 3009 3531 cuderent,
3060 3475 3262 3545 quare
3318 3450 3592 3519 dirbemi
3628 3457 3692 3518 iu
3723 3454 3956 3519 Arabia

1372 3584 1669 3652 fabricati
1719 3585 2023 3652 rarissimi
2057 3583 2420 3677 ¹habentur.
2530 3584 2907 3677 Aliquando
2952 3601 3166 3655 tamen
3203 3587 3509 3681 praefecti
3541 3584 3953 3653 Khalisarum

1371 3726 1755 3787 numismata
1813 3721 1900 3786 ibi
1949 3716 2258 3813 signanda
2288 3718 2615 3798 fecerunt,
2668 3745 2952 3815 quorum
3000 3729 3153 3800 tria,
3202 3749 3239 3790 e
3276 3728 3627 3817 provinciis
3664 3718 3956 3790 Omma-

1374 3877 1509 3921 nae
1559 3868 1624 3919 et
1669 3851 2079 3935 Jemamae,
2168 3860 2234 3919 in
2305 3856 2533 3921 Suecia
2601 3864 2849 3946 reperta
2898 3865 3074 3921 sunt.
3178 3852 3468 3947 Utraque
3516 3858 3693 3947 regio
3752 3875 3957 3946 prope

1373 3995 1588 4055 sinum
1649 3994 1973 4081 persicum
2026 3992 2146 4053 sita
2203 4001 2331 4067 est,
2374 3992 2492 4083 qui
2547 3989 2673 4056 hoc
2710 4011 2867 4055 aevo
2915 4000 3158 4055 tautam
3186 3987 3473 4056 ostendit
3518 3988 3955 4082 frequentiam

1370 4136 1637 4215 tamque
1687 4137 1973 4217 vegetam
2029 4138 2486 4203 mercaturam,
2538 4147 2733 4217 quam
2782 4122 3009 4190 nullus
3060 4120 3225 4191 alius
3278 4124 3453 4191 orbis
3509 4094 3953 4191 terrarumlo-

1369 4283 1486 4327 cus
1529 4274 1688 4325 tunc
1738 4257 2002 4327 obtulit.
2106 4259 2284 4325 Duos
2343 4257 2751 4351 possidemus
2830 4255 3194 4337 dirhemos,
3267 4259 3621 4325 Ommanae
3691 4263 3957 4326 nomine

1373 4400 1440 4522 i)
1515 4454 1648 4507 Timr
1683 4456 1896 4523 quidem
1927 4458 2268 4525 σιιιιιιιίἆίοἰ,
2321 4459 2416 4528 qui
2454 4474 2573 4511 eu-
2604 4456 2861 4511 africanis
2898 4464 3003 4509 eet.
3042 4458 3097 4509 iu
3134 4458 3403 4513 oei-udi·
3428 4473 3567 4511 anuo
3615 4454 3779 4509 {840
3814 4456 3951 4521 (vid.

1507 4558 1631 4613 pag.
1667 4541 1866 4593 XXIV
1885 4561 1937 4595 u.
1965 4542 2069 4609 04)
2111 4546 2315 4614 reperti
2337 4550 2493 4604 sunt,
2528 4542 2829 4613 opinionem
2866 4544 3198 4613 propositam
3234 4544 3419 4615 potius
3452 4542 3769 4595 confirmare
3796 4559 3953 4611 quan

1485 4622 1802 4698 'infringere
1837 4628 2105 4681 videntur.
