4709 6106
1437 590 1660 640 xxxvl

1347 774 1501 844 med
1549 771 1927 842 ben-Ismail
1977 785 2044 840 et
2092 773 2255 842 Nasr
2307 767 2727 840 ben-Abmed
2774 763 3081 856 dynastae
3133 765 3467 840 cudendus
3526 783 3923 844 curaverant.

1347 912 1631 979 Maxima
1680 934 1827 1004 pars
1887 935 1925 978 e
1971 921 2230 976 moneta
2279 910 2548 976 urbium
2606 903 3055 978 el-Sehasehae
3118 927 3195 972 ιο
3254 905 3726 1002 Samerqandae
3788 913 3925 978 exi-

1351 1056 1566 1123 erant,
1620 1049 1706 1112 ita
1750 1057 1825 1112 ut
1863 1069 1942 1114 ex
1992 1043 2138 1124 illa,
2190 1069 2243 1110 a.
2275 1043 2675 1114 281-519
2729 1040 3231 1126 (894-952),
3280 1065 3361 1108 ex
3398 1043 3521 1114 hac
3568 1069 3627 1114 s.
3674 1045 3925 1114 285-

1355 1183 1502 1248 520
1561 1182 2022 1264 (896-952)
2080 1177 2214 1247 fere
2267 1201 2402 1244 non
2461 1184 2816 1270 interrupta
2882 1198 3199 1246 annorum
3261 1181 3451 1246 series
3524 1176 3923 1274 procederet.

1352 1317 1611 1385 Ceterae
1667 1317 1860 1384 urbes
1929 1313 2318 1393 monetales,
2390 1319 2508 1410 qui
2576 1315 2687 1380 hic
2753 1312 3211 1390 occurrebant,
3262 1311 3559 1383 suerunt:
3611 1313 3926 1383 Nisabura

1352 1476 1407 1518 a.
1461 1454 1609 1519 294
1662 1451 1878 1534 (906,
1935 1453 2019 1533 7)
2068 1463 2131 1517 et
2182 1452 2330 1518 506
2362 1450 2576 1534 (918,
2629 1450 2740 1532 9),
2796 1446 2999 1515 Balkh
3042 1474 3097 1514 a.
3156 1449 3305 1516 295
3334 1451 3552 1532 (905,
3607 1450 3721 1535 6),
3772 1447 3923 1518 296

1357 1586 1574 1669 (908,
1626 1586 1739 1671 9),
1791 1585 1979 1664 298,
2038 1585 2188 1653 512
2249 1586 2466 1668 (924,
2523 1587 2599 1665 5)
2666 1594 2732 1650 et
2781 1583 2932 1649 517
2985 1584 3200 1666 (929,
3252 1585 3417 1669 50),
3479 1582 3817 1652 Enderaba
3866 1609 3922 1652 a.

1359 1723 1543 1801 296,
1589 1722 1988 1790 501--505
2013 1721 2518 1804 (915-916),
2575 1719 2761 1799 505,
2808 1720 2983 1800 506,
3025 1720 3171 1786 510
3226 1720 3441 1799 (922,
3491 1720 3585 1805 5)
3624 1731 3689 1788 et
3739 1721 3923 1806 511,

1355 1857 1593 1928 Maden
1659 1884 1713 1924 a.
1765 1857 1911 1925 510
1976 1869 2040 1925 et
2105 1857 2432 1950 Ferghana
2500 1881 2557 1923 a.
2622 1857 2771 1922 515
2828 1855 3049 1938 (927,
3100 1854 3202 1938 8).
3304 1852 3635 1923 Similium
3694 1878 3925 1950 magua

1357 1998 1452 2062 vis
1503 1997 1725 2060 inerat.
1777 1992 1946 2074 (Inv.
1999 1991 2222 2100 84⁷).-

1557 2201 1726 2270 102.
1827 2193 2135 2296 Quat-na
2150 2249 2172 2280 ,
2213 2199 2595 2295 paroeciae
2624 2193 2945 2272 Esloelem
2995 2193 3281 2280 (1839)·
3383 2197 3461 2264 Iu
3511 2195 3667 2266 luco
3712 2220 3925 2291 quum

1356 2336 1721 2417 foderetur,
1779 2339 1850 2400 in
1914 2355 2102 2400 arena
2161 2333 2285 2400 sub
2339 2334 2583 2402 arboris
2648 2330 2865 2398 radice
2922 2328 3209 2397 foramen
3262 2337 3590 2426 apperuit,
3658 2339 3728 2398 in
3788 2355 3927 2430 quo

1359 2471 1494 2540 duo
1560 2475 1920 2538 ornamenti
1972 2467 2313 2558 cujusdam
2366 2475 2648 2564 argentei
2684 2463 2977 2536 frustula
3026 2479 3093 2533 et
3142 2465 3335 2533 multi
3373 2473 3590 2546 numi,
3640 2467 3929 2560 pon-dere

1360 2601 1550 2703 547⁴
1605 2606 1972 2684 lotherum,
2021 2602 2276 2673 occulta
2321 2604 2643 2694 jacebant.
2743 2603 2839 2672 Ex
2884 2605 2985 2676 his
3012 2611 3195 2672 numi
3239 2606 3385 2673 157
3430 2601 3651 2672 idonei
3700 2625 3931 2672 museo

1359 2745 1534 2838 regio
1585 2741 1839 2821 selecti,
1898 2743 1988 2808 16
2042 2739 2381 2809 lotherum
2428 2737 2767 2833 ponderis,
2832 2750 2952 2838 qui
3014 2755 3229 2813 erant:
3284 2744 3426 2810 118
3478 2735 3927 2836 Aug-losaclz·

1357 2879 1631 2961 sonici,
1686 2881 1729 2943 5
1773 2871 2132 2958 Suecani,
2187 2876 2233 2940 2
2295 2871 2697 2972 Byzantini
2744 2887 2809 2944 et
2862 2878 2956 2944 12
3009 2873 3230 2971 Gufi
3243 2881 3345 2950 ci.
3442 2876 3573 2958 Qui
3622 2901 3659 2944 e
3710 2873 3929 2942 ‹lithe-

1361 3020 1484 3085 mis
1533 3015 1912 3083 constabant
1965 3021 2023 3099 a)
2073 3013 2121 3079 5
2163 3010 2739 3093 Abbasidicis,
2788 3018 2957 3081 cusis
3004 3016 3074 3081 in
3124 3014 3251 3083 Ras
3299 3011 3520 3083 el-Ain
3564 3012 3689 3079 sub
3731 3010 3929 3105 Muq-

1363 3152 1554 3221 tediri
1603 3147 1952 3225 khalifatu,
2008 3154 2077 3215 in
2131 3148 2447 3239 Arradj'an
2505 3176 2559 3216 a.
2612 3146 2761 3212 529
2812 3149 3031 3230 (940,
3100 3150 3207 3233 1),
3268 3157 3335 3215 et
3397 3151 3620 3225 tertio,
3683 3143 3931 3213 khalisa

1361 3284 1638 3355 Radbio.
1705 3286 1822 3351 Hic
1874 3288 2040 3350 inter
2085 3281 2466 3351 cudendum
2495 3284 2821 3354 subsiluit.
2886 3288 2953 3372 b)
2992 3282 3659 3364 Hamdanidicis,
3704 3308 3740 3351 e
3790 3305 3929 3349 mo-

1359 3435 1509 3491 neta
1558 3419 1956 3489 el-Rahahae
2007 3444 2065 3487 a.
2115 3420 2264 3486 560
2322 3420 2537 3502 (961,
2586 3421 2670 3507 2)
2720 3433 2783 3489 et
2826 3420 3186 3513 el-Rafiqae
3236 3446 3291 3489 a.
3355 3421 3504 3487 556
3567 3418 3783 3497 (966,
3847 3418 3929 3500 7)

1362 3570 1428 3626 et
1499 3570 1568 3635 c)
1643 3552 2221 3633 Samanidieis,
2291 3580 2351 3623 a.
2432 3554 2833 3623 285-502
2912 3553 3379 3638 (896-915)
3446 3550 3927 3627 el-Schaschae,

1362 3688 1832 3784 Samerqandae
1886 3700 1952 3757 et
1999 3686 2406 3768 Enderabae,
2457 3689 2540 3757 ab
2591 3686 2857 3759 Ismailo
2882 3685 3329 3764 ben-Ahmed,
3382 3686 3585 3753 Nasso
3634 3682 3927 3752 ben-Ah-

1363 3822 1516 3891 med
1564 3834 1629 3893 et
1680 3822 1878 3892 Nuho
1929 3822 2248 3891 beu-Nasr
2299 3828 2393 3907 (εἰ
2430 3847 2489 3891 a.
2554 3834 2621 3892 et
2672 3822 2751 3908 1.)
2809 3822 3157 3891 fabricatis.
3213 3822 3382 3905 (Inv.
3435 3816 3678 3905 824).1

1568 4019 1733 4085 105.
1837 4013 2227 4114 Guffricle,
2267 4020 2647 4115 paroeciae
2678 4009 3003 4113 Ahlskog
3029 4014 3312 4099 (1859).
3364 4014 3443 4079 In
3492 4023 3717 4105 prato,
3744 4005 3928 4103 quod

1361 4149 1695 4218 excultum
1747 4161 1915 4229 erat,
1961 4174 2174 4243 quum
2223 4149 2393 4219 fossa
2442 4150 2810 4235 foderetur,
2861 4150 3098 4247 pedem
3147 4148 3345 4219 modo
3396 4150 3519 4217 sub
3567 4157 3774 4213 terrae
3820 4166 3930 4210 su-

1365 4285 1658 4377 perficie,
1707 4288 1777 4351 in
1825 4284 2031 4352 humo
2078 4289 2336 4353 inventa
2394 4300 2574 4355 sunt:
2624 4288 2861 4358 collare
2887 4288 3230 4383 tripliciter
3279 4293 3646 4357 consertum
3698 4290 3818 4347 cet.
3861 4290 3927 4345 et

1366 4422 1513 4489 221
1580 4424 1811 4516 integri
1872 4426 2089 4501 numi,
2151 4447 2282 4490 una
2345 4445 2497 4490 cum
2572 4421 2943 4521 fragmentis
2997 4448 3225 4495 eorum
3283 4422 3573 4518 aliquot,
3636 4415 3925 4515 pondere

1368 4652 1424 4719 Ι)
1491 4654 1856 4717 Humum»,
1890 4656 1929 4710 l.
1964 4657 2004 4711 1.
2039 4671 2166 4729 pag.
2201 4654 2367 4725 ux,
2402 4670 2454 4706 ιι.
2490 4652 2590 4707 85.
