4709 6106
3088 607 3226 658 LVI!

733 805 929 870 ciant.
1030 801 1361 873 Numerus
1405 823 1557 870 vero
1610 821 1959 890 numerum
2006 772 2412 868 diversorum
2451 799 2584 888 jam
2639 797 2784 864 580
2833 778 3088 888 aequat.
3155 795 3322 864 Cum

738 941 840 1012 bis
891 940 1036 1010 salsi
1092 944 1464 1036 saepissime
1512 943 1875 1011 obveniunt
1928 938 2243 1018 din-hemi,
2296 937 2382 1008 ad
2433 937 2830 1006 diversarum
2884 932 3324 1021 dynastiarmn

737 1071 1009 1151 formas,
1062 1073 1453 1170 plerumque
1502 1089 1639 1144 arte
1688 1075 1953 1144 rudiore
2002 1075 2227 1154 efficti,
2276 1099 2558 1170 quorum
2622 1079 2765 1147 124
2817 1083 3169 1172 specimina
3213 1099 3326 1142 va-

736 1214 827 1275 ria
874 1208 1181 1301 colligere
1239 1213 1445 1303 potui.
1551 1210 1832 1279 Maxima
1884 1232 2033 1302 pars
2083 1215 2391 1304 imagines
2453 1235 2818 1282 numerum
2866 1219 3074 1307 gentis
3124 1235 3328 1278 sama-

738 1336 995 1404 nidicae
1044 1361 1197 1432 prae
1242 1361 1311 1404 se
1368 1335 1618 1412 ferunt,
1680 1337 1749 1402 id
1806 1339 1989 1430 quod
2052 1344 2205 1406 satis
2268 1364 2598 1436 superque
2659 1345 2817 1412 mihi
2889 1346 3330 1412 demonstrare

740 1473 1034 1552 videtur,
1082 1498 1193 1542 eos
1248 1500 1283 1542 a
1340 1475 1607 1568 populis
1655 1476 1977 1554 barbaris,
2021 1483 2135 1570 qui
2191 1478 2686 1548 Samanidarum
2733 1483 3083 1574 provinciis
3130 1486 3366 1552 vicini·

741 1605 1155 1687 habitabant,
1224 1632 1361 1676 esse
1420 1607 1787 1678 fabricatos.
1839 1651 1935 1666 —-
1995 1615 2073 1680 X.
2122 1616 2197 1681 ln
2256 1599 2658 1700 Kborasana,
2711 1631 2870 1686 terra
2917 1625 3206 1713 inquieta
3262 1628 3328 1683 et

616 1795 629 1806 .
738 1761 993 1830 semper
1042 1739 1379 1822 seditiosa,
1446 1745 1675 1814 eodem
1752 1759 2044 1840 tempore
2116 1773 2251 1842 quo
2315 1771 2414 1816 res
2490 1727 2977 1819 Semanidarum
3049 1772 3330 1818 crescere

738 1887 1137 1964 coeperunt,
1201 1875 1311 1944 alii
1366 1901 1637 1973 quoque
1678 1879 2025 1968 „dynastae
2095 1893 2295 1974 caput
2346 1877 2756 1958 extulerunt,
2807 1893 2907 1959 et,
2958 1879 3332 1946 obedientia

739 2010 1025 2080 dominis
1072 2019 1472 2118 renuntista,
1526 2020 1592 2084 in
1650 2023 1905 2112 signum
1958 2023 2291 2110 potestatis
2348 2017 2579 2111 plenae
2627 1997 3065 2098 numostuo
3119 2027 3332 2084 nomi-

741 2176 821 2220 ne
877 2155 1247 2248 insignitos,
1310 2156 1667 2250 signandos
1718 2157 2040 2226 fecerunt.
2142 2159 2381 2224 Insunt
2431 2156 2700 2224 sortasse
2752 2154 2942 2249 plura
2991 2155 3187 2243 hujus
3239 2157 3330 2218 rei

743 2308 1163 2364 monumenta
1215 2302 1280 2362 in
1340 2295 1653 2362 dirhemis
1707 2293 2107 2388 quibusdam
2159 2293 2480 2362 secundae
2536 2293 2754 2362 classis
2805 2293 3046 2362 dubiis.
3147 2293 3334 2405 Certe

745 2435 1107 2502 Anu-Dum
1174 2433 1445 2530 quidam
1513 2446 1580 2502 et
1632 2441 1869 2528 posteri
1926 2435 2070 2523 ejus
2125 2435 2389 2524 vestigia
2457 2431 2917 2499 dominationis
2979 2431 3332 2496 certissima

742 2560 1149 2654 reliquerunt
1204 2565 1269 2630 in
1327 2564 1420 2631 14
1471 2569 1720 2640 numis,
1785 2587 1985 2657 quos,
2050 2588 2105 2629 a.
2154 2551 2556 2630 264-278
2605 2563 3064 2657 (877—892)
3115 2561 3330 2630 Ende-
3375 2575 3380 2582 '

740 2696 930 2761 rabac
981 2719 1198 2775 cusos,
1254 2720 1385 2762 non
1451 2695 1745 2765 dubitavi
1809 2703 1875 2763 in
1928 2696 2197 2764 classem
2248 2703 2582 2791 propriam
2637 2698 2890 2767 referre.
2995 2699 3327 2777 Crassum,

740 2830 930 2902 solita
983 2833 1251 2919 majore,
1312 2854 1481 2923 quae
1532 2829 1859 2896 diversum
1916 2833 2199 2901 cudendi
2262 2837 2528 2905 modum
2589 2845 2729 2907 sine
2787 2839 2993 2907 (lubio
3044 2838 3326 2916 indicat,

742 2984 807 3044 et
857 2972 1221 3038 litterarum
1276 2965 1627 3044 ductibus,
1702 2963 2091 3060 plerumque
2146 2967 2630 3063 gracilioribuS,
2708 2993 2745 3034 a
2796 2966 3068 3061 reliquis
3140 2962 3330 3034 facile

743 3115 1233 3205 dignoscuntur.
1311 3148 1401 3161 --
1456 3109 1569 3174 xl.
1630 3109 1997 3189 Remum,
2050 3136 2205 3205 gens
2254 3112 2336 3177 ad
2393 3116 2636 3181 flumen
2695 3113 2798 3180 ltil
2853 3110 3150 3209 (Wolga)
3219 3112 3330 3177 ha·

744 3248 989 3321 bimus,
1046 3266 1337 3336 magnam
1391 3248 1521 3309 vim
1588 3248 1653 3310 in
1727 3253 2189 3317 commercium
2246 3257 2413 3318 inter
2463 3252 2795 3321 Orientem
2861 3266 2926 3320 et
2985 3266 3184 3321 terras
3233 3278 3330 3321 se—

744 3374 1210 3472 ptentrionales
1276 3376 1659 3443 babuerunt.
1762 3378 1863 3445 Ad
1934 3380 2357 3451 islamismum
2415 3384 2701 3479 denique
2763 3395 3087 3467 conversi,
3154 3394 3331 3483 prin-

746 3524 920 3613 cipes
980 3520 1077 3582 sui
1128 3516 1290 3601 juris
1356 3513 1667 3579 videntur
1713 3514 2049 3593 habuisse,
2104 3522 2220 3611 qui
2287 3520 2646 3601 dirhemos‚
2705 3526 2782 3592 ad
2841 3526 3332 3597 Samanidarum

749 3666 1071 3722 monetam
1139 3653 1410 3731 effictos,
1475 3638 1901 3722 fabricarunt}
1999 3659 2144 3723 Tria
2205 3660 2438 3727 horum
2500 3662 2922 3756 exemplaria,
2976 3686 3145 3757 quae
3197 3661 3332 3727 duo

747 3792 981 3859 diversi
1034 3786 1240 3881 reguli
1286 3810 1511 3855 eorum
1586 3787 1802 3857 medio
1846 3788 2069 3855 seculo
2124 3792 2374 3881 hidjrae
2428 3810 2664 3887 quarto
2713 3796 3068 3876 cuderunt,
3122 3818 3332 3889 usque

748 3918 830 3986 ad
882 3941 999 3985 nos
1054 3929 1501 4010 pervenerunt.
1560 3952 1653 3969 —-
1698 3916 1845 3983 ΧΠ.
1912 3917 2239 4001 SAmmAE,
2294 3930 2416 4015 qui
2486 3924 2933 4016 Adherbidjan
2997 3940 3064 3995 et
3125 3941 3335 4020 partes

748 4028 1089 4123 Armeniae
1141 4056 1345 4120 varias
1390 4053 1625 4121 seculis
1677 4056 1872 4119 tertio
1919 4066 1985 4121 et
2036 4067 2270 4147 quarto
2309 4056 2776 4150 possederunt,
2829 4081 2966 4123 rara
3016 4081 3171 4125 suae
3221 4058 3338 4146 dy-

748 4199 991 4261 nastiae
1065 4203 1485 4259 monumenta
1539 4195 1603 4289 in
1658 4194 1874 4255 numis
1927 4188 2105 4281 apud
2175 4214 2295 4257 nos
2358 4192 2570 4261 obviis
2643 4192 3072 4287 reliquerunt.
3175 4192 3338 4259 Nam

749 4337 978 4399 tertius
1028 4328 1209 4399 solus
1254 4334 1461 4423 gentis
1510 4328 1706 4418 hujus
1758 4331 2090 4421 princeps,
2146 4324 2394 4431 Jusus
2447 4329 2946 4402 ben-Dae‘wdad
2991 4326 3337 4401 ben-Abi-

750 4462 995 4563 I-Sadj
1024 4560 1031 4565 ·
1074 4473 1141 4532 in
1213 4463 1474 4533 duobus
1555 4463 1866 4533 dirhemis
1938 4462 2208 4533 diversis
2282 4472 2604 4561 apparuit.
2656 4506 2757 4523 --
2816 4468 2998 4535 xm.
3080 4470 3344 4535 Rariora

2976 4604 3032 4670 Η
