4709 6106
1715 648 1734 691 '
3047 586 3284 637 m

797 758 896 825 99
948 769 1072 824 cet.
1176 756 1285 825 oh
1318 756 1590 826 eandem
1639 780 1924 828 caussam
1972 761 2204 831 classes
2268 764 2693 833 xx-xxu
2739 766 2846 835 hio
2886 789 3022 836 non
3069 776 3374 850 invenies,

792 904 1024 986 utpote
1075 917 1281 986 quae,
1332 907 1409 962 ut
1443 920 1480 962 e
1530 893 1763 961 notula
1815 900 2087 989 paginae
2135 895 2472 964 Lxxvln
2521 899 2810 985 subjecta
2861 915 3160 994 apparet,
3213 903 3375 972 tales

788 1028 1130 1097 includant
1180 1052 1452 1108 numos,
1510 1028 1738 1122 quales
1789 1028 1966 1123 apud
2020 1054 2139 1099 nos
2189 1056 2322 1101 non
2375 1037 2806 1125 reperiuntur.

987 1252 1234 1319 Numos
1285 1253 1849 1345 'pehlewicos,
1929 1280 2211 1347 quorum
2266 1264 2595 1352 propriam
2650 1262 2772 1328 feci
2824 1262 3123 1341 classem,
3180 1270 3368 1330 initio

783 1365 978 1477 plane
1027 1385 1494 1479 relinquendos
1540 1390 1776 1469 habui,
1860 1416 2069 1484 quum
2114 1408 2179 1462 et
2232 1402 2300 1462 in
2358 1396 2550 1463 aliam
2606 1404 2999 1490 pertinerent
3053 1398 3368 1467 ditionem

783 1532 849 1586 et
897 1519 1188 1587 subsidia
1239 1545 1376 1590 mea
1451 1522 1542 1591 ad
1621 1549 1731 1593 cos
1816 1528 2235 1623 explicandos
2284 1500 2547 1622 'parum
2606 1529 2913 1598 valerent.
3018 1533 3115 1599 Ex
3168 1533 3367 1600 altera

782 1667 1000 1720 autem
1052 1666 1267 1748 parte,
1326 1663 1379 1724 si
1435 1659 1710 1750 quidem
1771 1663 2101 1763 catalogus
2159 1687 2382 1731 omnes
2434 1671 2702 1732 omnino
2767 1680 3123 1733 recenseret
3173 1691 3368 1761 opor·

777 1803 904 1862 tuit
952 1819 1186 1864 numos
1239 1797 1612 1876 orientales„
1688 1806 1823 1891 qui·
1877 1805 1944 1864 in
2025 1813 2190 1867 terra
2243 1824 2515 1867 suecana
2574 1813 2785 1867 essent
2845 1808 3127 1880 inventi,
3180 1801 3362 1870 locus

778 1936 855 1997 iis
901 1937 1170 2000 omnino
1222 1932 1472 2000 alienus
1523 1937 1630 2003 hic
1664 1959 1796 2002 non
1854 1934 2012 2014 fuit,
2063 1941 2186 2002 nisi
2242 1962 2277 2002 a
2334 1943 2593 2015 ceteris,
2646 1942 3041 2030 quibuscum
3076 1949 3206 2004 una
3231 1962 3361 2005 non

772 2072 895 2132 rari
950 2068 1340 2148 obveniunt,
1416 2086 1624 2139 essent
1688 2073 2047 2166 separandi.
2156 2071 2382 2137 Paucis
2455 2074 2653 2163 igitur
2703 2047 2914 2138 verbis
2960 2095 3068 2138 eos
3105 2076 3358 2149 notavi,

774 2226 1036 2292 sperans
1092 2202 1233 2271 fore
1280 2218 1356 2271 ut
1406 2211 1499 2272 sic
1551 2208 1717 2274 hanc
1767 2216 2096 2277 materiem
2151 2205 2474 2274 doctiores
2519 2205 2600 2271 ad
2648 2230 2756 2274 eos
2800 2213 3088 2274 animum
3135 2207 3357 2276 adver-

780 2349 989 2404 terent
1041 2327 1542 2433 diligentiorem.
1639 2359 1651 2380 ⁸

968 2568 1385 2659 Quamquam
1439 2589 1694 2632 summo
1746 2563 1965 2631 studio
1999 2563 2356 2646 elaboravi,
2410 2581 2484 2634 ut
2516 2574 2581 2632 in
2612 2555 3090 2633 classem'suam
3121 2592 3346 2659 quem·

721 2696 729 2711 ⁸
768 2728 898 2796 que
944 2727 1218 2769 numum
1274 2712 1445 2769 recte
1496 2701 1911 2778 collocarem,
1961 2671 2093 2767 no'n
2130 2701 2365 2769 dubito
2397 2707 2564 2794 quin
2605 2699 2960 2793 aliquando
2990 2708 3351 2769 erraverim.

770 2843 911 2907 Jam
962 2865 1154 2933 supra
1210 2839 1343 2905 dixi
1399 2844 1607 2914 viam,
1660 2860 1827 2929 quae
1882 2837 1988 2902 hic
2043 2837 2462 2930 ingredienda
2521 2850 2649 2914 est,
2702 2861 2916 2927 neque
2972 2841 3035 2936 in
3071 2833 3351 2900 secunda

769 2974 1000 3053 classe,
1054 2999 1224 3067 quae
1271 2973 1746 3041 Abbasidarum
1802 2983 1929 3048 est,
2005 2995 2216 3066 neque
2271 2980 2336 3039 in
2399 2986 2607 3050 sexta,
2685 2970 3003 3036 Tabiridis
3058 2976 3348 3063 propria,

767 3114 1014 3203 ubique
1095 3121 1331 3201 certam
1412 3135 1547 3177 esse
1619 3122 1684 3176 et
1763 3111 2255 3201 complanatam.
2366 3111 2561 3177 Utin
2617 3110 2904 3173 Fnffiumt
2948 3112 3348 3186 recensione,

763 3251 854 3312 sic
903 3251 1097 3312 etiam
1145 3252 1211 3311 in
1267 3270 1442 3323 mea,
1492 3252 1659 3311 inter
1725 3269 1963 3311 numos
2041 3243 2336 3312 Harum'
2389 3237 2865 3320 eI-Resclu'di,
2918 3237 3162 3305 multos
3213 3255 3346 3307 tam

761 3382 1148 3461 el-Amim',
1203 3405 1398 3471 quam
1446 3379 1880 3448 eI-Mamuni
1923 3381 2250 3445 dirhemos
2280 3376 2754 3469 deprehendes,
2805 3382 2957 3467 quia
2985 3376 3342 3442 consultius

762 3514 916 3580 duxi
970 3515 1080 3580 hic
1125 3539 1444 3581 annorum
1495 3514 1788 3580 ordinem
1841 3540 2122 3589 servare,
2174 3537 2374 3606 quam
2425 3528 2499 3580 ut
2542 3514 2862 3603 cujusque
2900 3512 3128 3577 borum
3166 3517 3341 3602 prin-

757 3658 978 3744 cipum
1032 3655 1453 3726 numismata,
1507 3648 1689 3714 nulla
1743 3649 1973 3715 idonea
2013 3675 2231 3716 caussa
2280 3651 2552 3726 ductus,
2611 3656 2674 3714 in
2722 3674 2923 3715 unum
2963 3649 3335 3717 conferrem.

755 3785 1091 3854 Interdum
1142 3786 1343 3853 dubia
1396 3810 1533 3851 mea
1580 3787 1859 3851 breviter
1892 3785 2205 3860 indicavi;
2256 3784 2415 3862 alias
2447 3798 2695 3859 autem,
2742 3784 3036 3873 ambages
3069 3784 3338 3875 fugiens,

691 3947 824 3988 ·ea
874 3928 1129 3988 reticui.
1234 3928 1447 4013 Aequi
1522 3921 1749 3985 barum
1819 3946 2033 3987 rerum
2104 3926 2538 3986 aestimatores
2607 3913 2794 3985 facile
2847 3921 3336 4006 dijudicabunt,

752 4070 972 4124 utrum
1037 4064 1390 4149 ignorantia
1446 4061 1552 4125 bic
1606 4066 1689 4124 sit
1748 4073 2116 4150 peccatum,
2170 4080 2248 4118 an
2311 4054 2710 4119 ineluctabili
2769 4063 3064 4122 cesserim
3122 4081 3338 4122 neces-

750 4196 943 4258 sitati.
1052 4194 1308 4259 Decima
1354 4194 1604 4271 classis,
1655 4219 1849 4285 quam
1908 4193 2197 4259 nondum
2255 4190 2428 4280 apud
2467 4190 2625 4255 alios
2665 4197 3142 4258 numismatices
3179 4199 3334 4259 scri-

752 4341 970 4420 ptores
1015 4328 1275 4395 allatam
1322 4331 1492 4410 vidi,
1542 4357 1575 4396 a
1632 4356 1734 4396 me
1781 4329 1997 4393 addita
2050 4337 2176 4403 est,
2252 4331 2554 4414 quamvis
2609 4331 2968 4391 testimonia
3028 4328 3328 4393 historica

752 4462 833 4531 de
881 4466 1004 4531 hac
1073 4442 1396 4563 dynastia,
1474 4464 2031 4559 quemadmodum
2100 4459 2182 4524 de
2231 4464 2461 4528 multis
2512 4463 2654 4529 aliis
2703 4469 2968 4528 minoris
3017 4467 3324 4526 momenti

745 4613 809 4668 et
858 4599 1250 4682 durationiS,
1302 4602 1434 4671 fere
1486 4602 1650 4669 nihil
1703 4608 1857 4669 certi
1913 4598 2283 4678 attulerint,
2360 4599 2428 4664 id
2480 4598 2695 4691 quod,
2742 4623 2948 4692 quum
2997 4603 3062 4663 in
3103 4602 3336 4663 numis·
