4709 6106
744 770 1047 836 rnsrnnt.
1098 760 1295 826 series
1340 753 1519 824 haud
1570 759 1933 849 interrupta
1982 767 2312 820 annorum
2359 769 2578 846 usque
2623 747 2712 821 sd
2779 751 2930 820 210
2981 749 3200 836 (628,
3254 752 3338 832 6)

745 891 1065 987 pmoedit.
1172 893 1263 962 Ex
1320 889 1546 962 seculo
1596 887 1847 978 bidjrse
1894 892 2089 960 tertio
2126 892 2280 956 anni
2348 885 2498 956 211
2527 933 2546 964 ,
2595 885 2780 964 218,
2831 885 3021 964 221,
3075 885 3222 956 284
3269 897 3338 954 et

742 1031 895 1100 268
934 1027 1154 1098 sdbne
1202 1026 1482 1106 desunt;
1534 1041 1601 1094 st
1654 1029 1737 1096 sb
1800 1026 1927 1096 hee
1992 1024 2265 1094 demum
2330 1033 2626 1112 tempere
2675 1041 2886 1110 usqne
2952 1015 3036 1086 sd
3091 1039 3336 1093 annum

750 1161 905 1230 544
958 1162 1173 1248 (935,
1224 1159 1303 1254 6)
1354 1158 1595 1254 singuli
1650 1165 1801 1228 anni
1856 1181 2099 1230 numos
2147 1150 2580 1226 'obtulerunt
2681 1155 2930 1222 Verum
2959 1160 3134 1222 enim
3180 1177 3332 1222 vero

646 1349 669 1366 .
743 1305 897 1364 ante
974 1291 1469 1363 Samsnidarum
1534 1297 1965 1374 numismata,
2014 1318 2184 1388 quae
2226 1293 2309 1360 ab
2348 1314 2522 1360 anno
2574 1292 2722 1359 280
2773 1289 2992 1384 (895,
3043 1287 3122 1383 4)
3169 1295 3338 1358 inei·

751 1434 981 1520 piunt,
1031 1432 1099 1493 in
1149 1426 1445 1495 Sueciam
1500 1430 1883 1520 importata,
1940 1434 2126 1522 quasi
2180 1451 2473 1498 secessus
2537 1438 2605 1496 et
2661 1449 2948 1496 recessus
3011 1423 3342 1492 dir-bemo-

746 1585 893 1630 rum
948 1559 1225 1654 singulis
1274 1566 1459 1628 annis
1510 1572 1777 1655 apparet
1822 1569 2199 1632 continuus.
2312 1563 2410 1630 Ex
2437 1561 2910 1654 antiquissimis
2943 1558 3344 1653 plerumque

752 1719 961 1766 unum
990 1693 1193 1763 modo
1244 1709 1359 1765 aut
1389 1693 1527 1764 duo
1552 1703 1839 1791 quisque
1874 1697 2163 1768 ostendit
2191 1721 2434 1774 annus;
2489 1695 2818 1766 interdum
2855 1709 3072 1764 tamen
3120 1693 3341 1790 plures

746 1839 1107 1904 etiamtunc
1155 1843 1535 1900 occurrunt.
1634 1831 1743 1898 Sio
1794 1837 1945 1898 anni
2008 1833 2144 1911 86,
2198 1831 2331 1911 98,
2406 1831 2589 1910 128,
2661 1831 2838 1910 150,
2913 1832 3094 1911 155,
3159 1832 3341 1898 158;

750 1981 1073 2064 quatuor,
1130 1967 1265 2046 96,
1296 1967 1477 2046 121,
1527 1967 1705 2036 154ε
1756 1973 2091 2061 quinque,
2146 1969 2245 2036 95
2279 2015 2297 2046 ,
2334 1969 2695 2046 12δεοοι,
2749 1969 2880 2048 92,
2941 1968 3120 2044 156,
3173 1967 3336 2034 14οι

748 2116 1035 2198 septem,
1092 2103 1277 2172 124:
1332 2113 1519 2179 octo,
1578 2105 1756 2171 122:
1816 2125 2051 2174 novem
2098 2117 2167 2171 et
2243 2104 2390 2173 126
2471 2102 2696 2172 deoem
2756 2104 2947 2170 nohis
3018 2099 3344 2170 dederunt

750 2261 1010 2307 numos.
1116 2239 1269 2306 Post
1322 2262 1565 2306 annum
1622 2240 1769 2306 140
1832 2262 2149 2306 numerus
2197 2261 2422 2306 eorum
2471 2235 2884 2328 aiiquamdiu
2940 2239 3168 2332 paullo
3215 2240 3341 2306 sn·

742 2377 1059 2465 quentior
1100 2377 1452 2464 quotannis
1505 2369 1641 2440 fieri
1689 2369 1985 2449 videtur,
2037 2376 2126 2437 ita
2174 2383 2249 2438 ut
2322 2371 2502 2440 143:
2575 2395 2846 2453 novem,
2923 2376 3106 2452 144,
3189 2375 3336 2441 147

755 2527 907 2584 sex,
962 2503 1107 2571 148
1154 2517 1436 2597 septem,
1494 2503 1641 2572 149
1693 2502 1951 2583 decem,
2007 2506 2152 2573 160
2188 2505 2612 2600 quindecim,
2669 2511 2812 2578 151
2865 2523 3142 2605 septen,
3190 2511 3338 2577 152

753 2638 1145 2719 duodecim,
1201 2642 1380 2720 164,
1436 2639 1581 2707 186
1628 2661 1897 2717 novem,
1956 2641 2100 2707 160
2138 2639 2544 2720 octodecim,
2602 2644 2743 2713 161
2779 2647 3008 2739 viginti
3053 2657 3336 2739 septem,

759 2776 940 2856 162,
991 2777 1139 2844 164
1190 2777 1419 2868 viginti
1474 2788 1801 2870 quatuor,
1856 2776 2002 2843 170
2054 2775 2432 2868 quindecim
2477 2790 2542 2845 et
2594 2778 2736 2846 171
2792 2777 3138 2848 duodecim
3185 2802 3337 2874 pro-

756 2916 1052 2991 duxerin
1104 2925 1245 2982 tum
1300 2912 1519 2980 denuo
1578 2933 1795 2980 annua
1848 2909 2162 2980 decrescit
2206 2909 2580 2982 multitudo
2621 2923 2688 2980 et
2742 2937 2947 2980 annus
2993 2913 3138 2981 178
3191 2918 3338 2998 uni-

753 3072 907 3119 euru
954 3045 1153 3117 modo
1202 3044 1575 3115 dirhemum
1627 3042 1847 3111 adhue
1900 3041 2206 3114 ostendit.
2312 3053 2397 3115 At
2448 3063 2599 3140 post
2643 3074 2884 3119 annum
2935 3051 3082 3117 179
3125 3047 3338 3141 (298,

746 3187 821 3269 6)
872 3190 995 3278 qui
1058 3181 1345 3253 sedecim
1394 3182 1725 3276 praebuit,
1774 3204 1987 3273 usqne
2035 3177 2120 3248 sd
2180 3180 2328 3248 201
2383 3182 2612 3271 (816,
2676 3184 2764 3273 7)
2822 3182 3062 3251 adsunt
3104 3205 3339 3253 nune-

750 3325 1063 3400 rosiores,
1108 3343 1311 3415 quare
1383 3344 1438 3385 a.
1507 3318 1651 3385 188
1716 3322 2194 3410 qninquaginta
2252 3341 2364 3385 sex
2432 3329 2500 3385 et
2561 3342 2615 3385 a.
2673 3318 2816 3386 192
2864 3324 3338 3413 quinquaginta

756 3452 893 3523 duo
943 3474 1283 3521 numerare
1320 3458 1529 3545 potui.
1632 3452 1935 3520 Causssm
1992 3462 2209 3521 tantae
2234 3458 2462 3547 copiae
2503 3454 2638 3543 jam
2704 3454 2828 3523 hoe
2878 3468 3170 3547 tempore
3218 3456 3340 3521 ob-

753 3593 893 3655 viae
936 3594 987 3654 si
1036 3585 1414 3681 diligentins
1465 3588 1853 3681 quaesieris,
1905 3610 2047 3653 eam
2097 3591 2348 3678 potius
2403 3591 2468 3655 in
2519 3598 2694 3655 statu
2760 3592 2962 3682 ipsius
3024 3588 3340 3664 Orientis,

753 3720 870 3787 ubi
924 3733 1087 3795 tune
1130 3718 1305 3787 bella
1356 3724 1524 3787 inter
1580 3718 1858 3787 khslifss
1919 3733 1986 3789 et
2040 3722 2429 3789 Graecorum
2498 3728 2913 3816 imperatores
2971 3729 3338 3818 gravissima

759 3860 1103 3949 pecuniam
1172 3859 1487 3945 signatam
1545 3854 1921 3947 flagitabant
1986 3878 2259 3949 eamque
2306 3862 2374 3923 in
2438 3855 2722 3925 diversas
2789 3857 2964 3924 orbis
3021 3868 3338 3925 terrarum

757 3994 1053 4087 regiones
1116 3990 1539 4083 spargebant,
1611 4014 1809 4083 quam
1861 3994 1926 4057 in
1976 3996 2370 4059 commercio
2449 3998 2616 4061 inter
2668 4005 2861 4061 terras
2932 3991 3220 4063 boreales
3263 3998 3339 4060 'et

755 4130 977 4194 Asiam
1030 4123 1455 4219 frequentiori
1506 4127 1809 4193 invenies.

956 4328 1033 4395 ln
1102 4332 1371 4397 tertium
1435 4326 1687 4419 hidjrse
1748 4325 2045 4397 seculum
2126 4322 2366 4406 delati,
2442 4333 2498 4397 si
2549 4334 2828 4423 priorem
2894 4330 3036 4419 ejus
3081 4338 3330 4423 partem

749 4470 1115 4551 spectemus
1135 4506 1155 4539 ,
1223 4460 1497 4531 eandem
1572 4458 2137 4555 deprehendemus
2202 4460 2656 4532 dirhenorum
2721 4462 2898 4557 spnd
2947 4486 3070 4532 nos
3111 4468 3338 4531 rarita-

752 4605 923 4672 tem,
973 4616 1173 4688 qnam
1221 4609 1373 4668 ante
1415 4620 1659 4665 annum
1714 4594 1864 4666 156
1912 4596 2416 4667 observavimus.
2522 4600 2636 4666 Vis
2679 4608 2898 4665 autem
2949 4616 3176 4663 eornm
3212 4595 3336 4661 eis·-
